2994 4816
671 370 714 380 ...
761 337 891 396 29..

224 514 348 590 primus3
383 515 429 571 cui
462 513 552 586 primo
585 509 789 584 supplicabant
813 510 901 567 ueluti
927 509 1047 582 parenti,
1075 513 1103 567 et
1130 528 1148 568 a
1173 529 1228 584 quo
1248 531 1339 572 rerum

222 610 350 668 omnium
371 609 479 667 factum
503 609 645 683 putabant
672 607 802 666 initium?
844 607 895 664 Cui
921 607 983 665 loco
1005 608 1157 666 Muellerus
1179 611 1340 670 annotavit:

224 708 313 765 ‘Haec
335 708 368 764 de
389 708 465 765 Jano
487 707 615 765 docmina
635 705 732 765 Verrio
753 704 905 777 peculiaris
927 704 1017 762 fuisse
1037 705 1165 764 videtur!

305 807 333 863 2.
347 805 527 863 Manifestior
548 781 612 862 vero
627 803 701 861 idem
716 818 873 860 consensus
888 801 982 860 Ovidii
996 803 1143 877 Verriique
1157 806 1340 877 prehenditur

225 903 257 960 in
278 903 370 974 titulo,
397 905 429 960 ut
455 903 496 960 ita
522 902 624 971 dicam,
651 900 745 972 Aprili
770 900 863 957 mensi
883 900 1048 972 praemisso.
1091 901 1205 961 Etenim
1226 906 1262 963 ad
1284 907 1338 967 cal.

222 1001 293 1072 Apr.
315 1002 453 1073 praebent
473 1000 542 1058 fasti
563 1000 681 1056 Praen:

220 1095 346 1171 [Aprilis
362 1098 390 1174 a]
406 1099 522 1169 Venere,
542 1097 618 1170 quod
632 1113 666 1154 ea
681 1094 853 1170 cum[llarte
868 1095 1006 1168 iungitur,
1019 1098 1109 1154 mater
1120 1099 1246 1176 Aene]ae
1261 1103 1337 1176 regis

264 1194 468 1271 [Latinorlum
489 1213 507 1252 a
529 1211 583 1267 quo
595 1195 661 1253 Plt.
673 1195 749 1252 ortus
765 1191 822 1268 e[st
843 1235 1053 1252 ........
1065 1195 1132 1272 holo
1147 1214 1252 1269 mense,
1268 1200 1335 1272 quia

265 1291 361 1366 fruges
383 1294 467 1352 flores
488 1293 680 1364 animaliaque
702 1308 735 1348 ac
756 1291 847 1348 maria
867 1292 896 1348 et
915 1293 1005 1348 terrae
1027 1292 1199 1363 aperiuntur.

303 1392 410 1449 Rursus
432 1392 539 1462 omnia,
568 1407 639 1463 quae
661 1391 715 1447 lrac
736 1391 805 1446 nota
826 1387 895 1446 adeo
917 1389 948 1445 in
970 1397 1123 1463 angustum
1145 1394 1244 1450 coacta
1265 1398 1339 1468 suut,

222 1488 321 1546 utrix
342 1489 414 1547 bene
446 1489 663 1561 intellegantur,
694 1487 876 1545 inveniuntur
906 1487 937 1543 in
969 1487 1094 1560 carmine
1120 1486 1223 1548 Ovidii.
1263 1493 1339 1552 Nam

222 1601 320 1643 versus
334 1585 375 1644 IV
389 1587 515 1658 25-28,
537 1587 664 1655 57-60,
688 1587 744 1642 130
765 1585 886 1657 priorem
907 1583 1070 1656 opinionem
1092 1587 1221 1646 aVerrio
1231 1589 1335 1650 Flacco

223 1681 365 1754 prolatam
386 1682 522 1754 referunt,
543 1700 640 1740 versus
661 1681 779 1742 85-89
802 1683 933 1754 alteram,
956 1699 973 1739 a
994 1682 1140 1741 Macrobio
1162 1702 1285 1760 quoque,
1306 1692 1337 1748 ut

221 1797 309 1852 supra
330 1781 461 1852 vidimus,
490 1798 523 1838 er
544 1779 641 1838 Verrio
663 1781 841 1853 exscriptam,
871 1798 956 1853 quam
978 1781 1041 1839 ideo
1062 1799 1080 1838 a
1100 1785 1184 1854 poeta
1204 1785 1338 1844 reiectam

223 1895 294 1949 esse,
316 1879 393 1952 ‘quia
406 1879 525 1938 Veneris
539 1876 666 1935 laudatio
681 1879 774 1950 aptior
792 1878 940 1936 videbatur
960 1878 996 1935 ad
1018 1895 1130 1936 carmen
1146 1883 1337 1941 exornandum

223 1993 308 2048 quam
340 1977 486 2050 aperiendi
527 1975 705 2033 vocabulum'
736 1977 893 2034 rectissime
935 1977 1136 2035 animadvertit
1175 1978 1337 2040 Huelsenus

227 2072 422 2149 stcpffil

303 2173 330 2228 3.
352 2171 389 2228 ad
409 2171 477 2230 Jan.
500 2174 526 2230 9.
547 2172 636 2245 longa
656 2171 712 2229 fuit
726 2172 874 2230 annotatio
896 2171 927 2228 in
943 2171 1027 2229 fastis
1040 2173 1150 2246 Praen,
1171 2176 1201 2234 in
1226 2179 1337 2250 quade

220 2269 387 2342 veriloquiis
407 2269 486 2327 uocis
506 2268 680 2342 Agonalium
702 2269 871 2326 disseruisse
893 2270 1020 2328 Verrium
1043 2272 1106 2344 tria,
1127 2290 1199 2346 quae
1221 2279 1337 2348 restant,

221 2368 361 2425 vocabula
381 2369 538 2425 testantur:

720 2465 835 2538 Agonia

721 2567 771 2621 aut
791 2565 867 2637 quia.

304 2662 346 2719 De
368 2661 474 2719 eisdem
495 2661 581 2719 verba
600 2660 671 2720 facit
692 2661 808 2720 Ovidius
829 2662 844 2718 I
866 2662 924 2718 319
947 2678 1010 2734 sqq.
1052 2663 1076 2720 ll
1102 2679 1151 2720 sex
1176 2665 1269 2722 autem
1290 2683 1335 2722 ex·

224 2759 445 2832 minationibus,
475 2777 545 2832 quas
572 2759 690 2832 profert,
719 2776 777 2816 una
804 2761 889 2832 atque
916 2777 949 2816 ea
976 2760 1102 2832 quidem,
1131 2777 1217 2833 quam
1241 2780 1335 2820 veram

221 2857 345 2930 iudicat,
376 2859 451 2915 certo
477 2858 584 2916 indicio
606 2857 703 2916 Verrio
724 2857 827 2916 Flacco
848 2857 935 2915 tribui
956 2858 1057 2930 potest.
1103 2858 1237 2917 Conferas
1259 2861 1335 2919 enim

220 2955 317 3012 Ovidii
338 2971 436 3012 versus
457 2955 473 3012 Ι
494 2957 552 3012 323
574 2971 616 3027 sq.

345 3054 422 3124 Pars,
444 3052 512 3125 quia
532 3069 590 3110 non
610 3053 728 3110 veniant
747 3052 878 3126 pecudes,
899 3053 950 3110 sed
971 3055 1100 3126 agantur,
1121 3053 1157 3112 ab
1180 3057 1245 3113 actu

224 3183 227 3190 ,
381 3167 482 3208 nomen
504 3150 663 3223 Agonalem
685 3150 774 3208 credit
794 3150 897 3209 habere
918 3152 1001 3209 diem.

221 3251 250 3306 et
274 3250 328 3307 131
351 3265 394 3320 sq.

342 3345 380 3402 Et
400 3361 487 3418 pecus
509 3344 643 3417 antiquus
666 3344 779 3402 dicebat
799 3343 922 3418 ‘agonia’
944 3361 1042 3417 sermo,

379 3459 503 3515 veraque
521 3441 626 3499 iudicio
647 3443 691 3498 est
711 3441 812 3499 ultima
833 3459 919 3500 causa
939 3460 1010 3501 meo.

221 3540 325 3613 quibus
347 3557 405 3599 una
426 3539 620 3612 interpretatio
641 3556 670 3596 re
691 3556 757 3597 vera
778 3543 932 3611 enarratur,
954 3559 1017 3598 cum
1032 3541 1116 3598 Pauli
1130 3540 1223 3598 verbis
1236 3559 1264 3614 p.
1284 3543 1334 3598 10:

221 3640 359 3712 ‘Agonias
380 3638 491 3697 hostias
512 3639 615 3711 putant
634 3636 671 3694 ab
694 3637 804 3709 agendo
820 3637 929 3696 dictas?
951 3641 979 3696 et
994 3639 1146 3712 ‘Agonium
1160 3639 1221 3695 dies
1236 3639 1334 3711 appel-

220 3736 342 3807 labatur,
364 3753 418 3809 quo
432 3753 480 3793 rex
494 3735 618 3794 hostiam
633 3734 811 3805 immolabat3
831 3734 955 3793 hostiam
977 3737 1051 3793 enim
1073 3736 1185 3808 antiqui
1200 3738 1334 3809 agoniam

218 3833 378 3892 vocabant!

302 3932 382 4001 Quod
397 3934 490 3989 autem
505 3931 577 3988 alias
591 3932 737 4004 praeterea
751 3929 955 4001 explicationes
971 3933 999 3988 et
1013 3929 1108 3988 Ovidii
1124 3931 1200 4004 apud
1214 3931 1334 3989 Paulum

220 4031 253 4086 et
270 4030 353 4088 Pauli
375 4030 449 4103 apud
471 4029 602 4087 Ovidium
622 4029 727 4086 frustra
748 4028 917 4100 quaerimus,
938 4029 1051 4086 nostrae
1073 4029 1232 4086 sententiae
1253 4047 1335 4103 repu-

219 4142 308 4199 gnare
330 4125 500 4200 negaverim,
524 4127 657 4198 quoniam
679 4143 711 4183 ex
732 4126 845 4200 integra
859 4126 949 4185 Venii
970 4126 1204 4198 interpretatione
1218 4128 1335 4200 Agona-
