2994 4816
628 431 823 493 -5..

168 619 239 677 quos
267 605 401 679 inspexit,
428 607 462 664 de
486 605 532 664 his
559 605 675 679 templis
700 605 828 664 calendis
853 605 1002 664 ianuariis
1023 603 1163 664 delicatis
1184 606 1286 664 certior

167 701 261 760 lactus
283 706 336 762 ost.
368 704 405 762 In
426 704 590 762 Maileianis
610 703 705 760 autem
724 701 793 760 talis
813 704 883 761 nota
898 719 956 762 non
974 703 1126 762 invenitor.

249 801 277 858 2.
300 801 400 875 Neque
422 802 506 861 aliter
527 819 560 860 ex
580 799 666 858 fastis
686 801 821 874 cognovit
841 800 926 860 nonis
946 802 1058 860 Martiis
1079 801 1187 874 templa
1200 802 1287 861 veui-

169 897 229 956 ovis
251 900 318 958 ante
339 900 409 958 duos
429 900 510 961 lucos
531 901 644 957 sacrata
664 913 734 969 esse,
756 899 891 970 quoniam
912 899 1050 973 scriptum
1073 898 1217 958 videmus:
1239 899 1286 958 ΠΙ

168 995 229 1054 429
251 1013 295 1070 sq.
317 997 413 1073 (Mart
435 997 480 1075 7.)

322 1095 398 1152 Una
418 1097 507 1153 nota
527 1095 581 1152 est
600 1093 705 1152 Marti
725 1091 848 1162 nonis,
869 1093 982 1149 sacrata
1002 1094 1078 1166 quod
1099 1095 1159 1154 illis

367 1192 476 1266 templa
495 1194 599 1265 putant
618 1197 698 1252 lucos
718 1189 852 1249 Vediovis
874 1192 940 1248 ante
961 1191 1040 1250 duos.

169 1288 263 1362 Atque
290 1289 361 1349 haec
390 1307 502 1364 quoque
531 1292 601 1350 nota
628 1290 660 1348 iu
686 1288 850 1347 Maffeianis
877 1287 962 1346 fastis
990 1288 1172 1348 desideratur.
1212 1289 1287 1349 Nam

168 1402 329 1458 perversam
347 1387 478 1447 Merkelii
500 1387 673 1461 opinionem,
696 1386 746 1461 qui
764 1387 841 1444 hanc
861 1402 949 1444 unam
962 1387 1061 1444 notam
1074 1387 1160 1445 nonis
1174 1388 1288 1446 Martiis

170 1483 311 1542 adiectam
332 1485 367 1543 de
386 1485 484 1543 littera
503 1486 527 1543 F
547 1487 578 1544 in
598 1485 684 1542 lastis
705 1482 869 1541 Maffeianis
889 1482 957 1540 huic
985 1482 1043 1541 diei
1068 1484 1214 1558 adscripta
1241 1486 1288 1544 in-

168 1580 279 1640 tellexit
299 1581 334 1658 (1.
355 1600 379 1641 c.
400 1601 428 1657 p.
451 1583 545 1658 xm),
565 1583 729 1642 iamdudum
749 1581 874 1655 explosit
892 1579 1095 1655 Hertubergius
1116 1582 1147 1640 in
1169 1599 1290 1642 censura

170 1679 249 1738 illius
272 1680 365 1753 operis
386 1681 566 1755 gravissima.
588 1679 768 1758 (zeitschrift
787 1679 833 1737 fiir
853 1679 899 1736 die
920 1679 1287 1740 Alterthums-Wissenscb.

169 1775 211 1836 IV
235 1777 310 1836 1846
331 1795 359 1851 p.
385 1780 449 1837 162.
473 1779 508 1838 cf.
530 1779 675 1850 Huschke,
695 1778 756 1836 Das
776 1777 833 1835 alte
847 1783 916 1834 rbm.
930 1776 1009 1848 Jahr,
1023 1795 1052 1850 p.
1067 1780 1135 1836 209.
1151 1781 1210 1837 not
1225 1781 1290 1856 71.)

251 1876 279 1933 3.
302 1876 356 1934 Cur
377 1878 472 1936 autem
491 1877 559 1935 libri
579 1876 665 1949 primi
685 1891 783 1934 versus
804 1876 924 1933 27-60
938 1875 991 1933 toti
1005 1876 1084 1948 operi
1104 1876 1289 1949 praemiserit,

174 1971 237 2045 ipse
257 1975 342 2046 poeta
362 1975 408 2033 bis
428 1974 523 2033 verbis
543 1975 626 2032 dicit:

170 2068 186 2126 I
209 2071 245 2128 61
262 2088 303 2144 sq.
317 2071 397 2130 Haec
418 2072 489 2131 mihi
509 2073 587 2130 dicta
607 2072 702 2142 semel,
722 2071 809 2129 totis
832 2070 1022 2142 haerentia
1042 2069 1170 2143 tastis,

417 2188 453 2229 ne
474 2171 576 2229 seriem
595 2186 688 2227 rerum
709 2168 838 2227 scindere
859 2184 953 2242 cogar,
974 2169 1064 2226 erunt.

171 2265 359 2340 Explicantur
379 2269 472 2326 autem
493 2269 524 2326 in
545 2268 595 2339 eis,
617 2266 666 2340 qni
699 2265 878 2337 antecedunt,
898 2264 1027 2323 uersibus
1051 2267 1161 2325 numeri
1185 2269 1213 2325 et
1239 2285 1291 2328 no·

173 2363 252 2420 mina
272 2365 412 2424 mensium
434 2364 492 2442 (vv.
515 2362 660 2441 27-44),
683 2363 784 2420 deinde
807 2363 867 2421 dies
889 2362 996 2420 nefasti
1024 2363 1094 2440 (47)
1122 2364 1191 2423 fasti
1219 2364 1290 2443 (48)

174 2460 302 2519 intercisi
315 2463 464 2540 (ue—52)
475 2463 633 2523 comitiales
645 2460 722 2539 (53),
731 2463 792 2519 turn
806 2461 952 2519 nundinae
967 2460 1037 2537 (54)
1052 2463 1138 2535 atque
1152 2463 1289 2521 calendae

174 2557 239 2635 (55)
260 2561 325 2618 idus
346 2560 419 2639 (56)
439 2578 532 2621 οοοοο
553 2561 632 2638 (57),
657 2559 778 2632 denique
803 2559 864 2616 dies
888 2559 1067 2632 postriduani
1090 2559 1210 2634 ideoque
1234 2560 1290 2619 atri

172 2658 329 2730 (57-60).
372 2659 449 2729 Quae
474 2658 571 2718 omnia
597 2657 728 2728 Ovidius,
756 2657 781 2714 si
808 2656 1032 2734 quidemvfastos
1055 2657 1223 2718 Maffeianos
1245 2675 1289 2717 re·

174 2755 324 2828 spexisset,
346 2756 394 2814 uix
416 2757 493 2816 ‘totis
513 2755 661 2814 haerentia
681 2754 774 2812 fastis’
799 2755 891 2812 dicere
911 2755 1060 2828 potuisset.
1103 2754 1178 2813 Nam
1201 2773 1289 2814 unam

175 2852 255 2910 illam
275 2855 374 2912 notam
394 2853 426 2910 in
446 2852 546 2911 tabula
561 2853 717 2911 Maffeiana
732 2870 758 2910 a.
774 2853 800 2910 d.
816 2851 890 2910 XIX.
907 2852 960 2910 cal.
975 2849 1084 2923 Febr.¹)
1099 2853 1146 2910 vix
1159 2854 1290 2912 sufficere

175 2949 212 3007 ad
233 2967 331 3009 omnes
353 2950 414 3008 dies
434 2951 636 3024 postriduanos
661 2953 737 3010 atros
758 2950 900 3010 notandos
919 2949 1073 3008 Merkelius
1096 2951 1158 3024 ipse
1175 2950 1290 3010 fatetur.

176 3047 205 3120 (1-
227 3064 251 3106 c.
273 3066 302 3121 o·
324 3047 467 3120 XXXIII.)

256 3145 359 3220 Itaque
380 3164 413 3205 ex
434 3145 505 3220 ipsis
526 3155 627 3219 poetae
648 3146 741 3204 verbis
764 3147 883 3219 apparet
903 3163 961 3205 non
976 3145 1060 3203 fastis
1075 3145 1291 3206 Maffeianorum

177 3243 204 3300 et
224 3244 363 3302 brevitate
384 3246 413 3302 et
431 3244 565 3302 instituto
587 3243 751 3314 simillimis,
773 3243 823 3301 sed
843 3243 1021 3302 uberioribus
1045 3243 1122 3302 notis
1148 3244 1291 3303 exornatis

177 3357 240 3398 eum
259 3357 342 3398 usum
364 3357 435 3399 esse.
478 3342 572 3414 Atque
594 3357 657 3398 cum
678 3341 733 3398 hac
754 3341 900 3399 sententia
921 3341 1026 3414 optime
1048 3341 1221 3400 conveniunt
1237 3342 1292 3402 duo

176 3437 228 3495 alii
248 3438 312 3509 loci,
347 3439 450 3511 quibus
478 3441 591 3512 poetam
618 3438 757 3497 fastorum
784 3439 876 3508 notas,
904 3456 976 3512 quas
1004 3439 1181 3513 expositurus
1210 3440 1294 3511 esset,

178 3551 236 3595 non
258 3553 340 3596 sunm
361 3552 432 3610 opus
452 3536 620 3610 respexisse,
641 3536 794 3594 arbitratus
816 3536 880 3594 sim.

257 3634 285 3690 4.
307 3633 339 3692 II
363 3635 419 3692 119
441 3651 505 3708 sqq.
528 3634 627 3712 (Febr.
649 3634 694 3711 5.)
717 3634 749 3692 Is
774 3633 835 3691 dics
860 3633 999 3706 laudatur,
1024 3651 1080 3708 qno
1104 3633 1252 3706 Augustus
1277 3649 1295 3690 a

177 3731 278 3788 senatu
298 3731 459 3806 populoque
480 3733 609 3792 Romano
628 3734 709 3806 pater
729 3731 840 3805 patriae
862 3731 1024 3805 appellatus
1040 3732 1092 3801 cst,
1115 3747 1197 3803 quem
1219 3729 1294 3788 diem

177 3827 219 3885 ita
239 3829 397 3903 significat:
417 3829 449 3887 H
473 3831 528 3886 122

397 3927 538 3985 maximus
559 3927 607 3984 hic
627 3925 740 3984 fastis
761 3925 955 3985 accumulatur
973 3926 1075 3984 honos.

259 4022 286 4081 5.
308 4023 403 4097 Atque
424 4023 461 4082 ad
481 4025 551 4097 Apr.
576 4023 784 4084 lacrimali
805 4026 862 4082 621
885 4040 929 4097 sq.

263 4213 285 4291 1)
306 4217 395 4276 urus
418 4216 611 4293 murosque)
630 4217 793 4277 uns-c.
912 4221 915 4224 ·
