2994 4816
651 313 870 376 „45-

282 491 382 566 Neque
412 491 495 548 aliter
524 489 642 548 Ovidius
674 489 708 546 de
733 505 800 547 vere
826 486 950 547 nominis
973 483 1162 558 explicatione
1198 483 1319 542 dubitat.

203 590 245 668 (V
279 592 363 648 1-6.
399 587 582 663 108-110.)
623 585 764 659 Proponit
797 587 890 642 autem
921 584 977 642 tria
1006 581 1171 656 veriloquis,
1202 598 1319 655 quorum

201 685 324 758 primum
339 684 449 761 (Maius
463 702 481 743 a
495 685 646 742 Maiestate
671 683 802 759 11-54)
830 683 932 741 Festus
963 697 1022 740 non
1051 679 1177 753 praebet,
1200 680 1320 737 alterum

204 781 375 854 tertiumque
405 780 514 857 (Maius
535 799 553 840 a
573 781 727 840 maioribus
739 781 858 839 55-78
880 779 927 856 [cl.
950 779 965 836 Ι
985 779 1034 837 41.
1056 778 1097 838 VI
1118 776 1185 854 88.]‚
1206 794 1224 834 a
1244 775 1321 834 Maia

202 880 335 938 Mercurii
355 881 444 938 matre
466 881 604 938 79-106
628 877 676 954 [cf.
692 878 733 938 VI
755 877 832 954 dil)
854 895 917 936 cum
932 877 1024 936 Verrii
1045 874 1231 950 opinionibus
1252 889 1321 931 con-

201 978 340 1036 sentiunt.
383 978 464 1048 Quod
483 994 548 1036 vero
571 977 605 1035 de
625 976 704 1034 Maia
724 976 831 1034 Latina
853 975 883 1033 id
905 977 949 1033 est
970 975 1004 1032 de
1025 975 1108 1032 Bona
1129 975 1183 1032 dea
1203 970 1322 1030 Ovidius

203 1093 262 1135 nou
283 1075 395 1134 locutus
417 1077 467 1146 111
490 1073 556 1148 quis
576 1073 733 1144 mirabitur,
748 1091 811 1132 cum
826 1074 933 1147 quanto
948 1072 1042 1146 magis
1057 1072 1088 1130 in
1104 1071 1221 1130 Graecis
1237 1085 1322 1142 quam

206 1173 238 1230 in
259 1172 373 1231 Latinis
394 1171 501 1231 fabulis
523 1171 696 1245 acquieverit
716 1187 799 1230 nemo
820 1169 921 1228 nescit.

284 1287 377 1360 Atque
410 1287 495 1344 etiam
527 1287 558 1344 in
590 1285 758 1360 explicando
784 1285 804 1342 J
815 1286 904 1343 11111
931 1286 1047 1344 nomine
1079 1285 1135 1342 tria
1164 1280 1323 1355 veriloquia

204 1383 324 1443 Ovidius
344 1383 486 1457 proponit.
530 1383 619 1452 Quem
639 1400 766 1442 mensem
787 1385 837 1440 aut
858 1401 875 1440 a
896 1383 1010 1442 Junone
1031 1381 1089 1458 (VI
1109 1379 1253 1456 21-64)‚
1274 1379 1325 1436 aut

206 1499 224 1540 a
245 1477 405 1539 iunioribus
426 1480 572 1558 (se-90.
598 1479 634 1538 cf.
656 1480 739 1539 141.
762 1479 787 1541 V
809 1479 880 1556 78),
902 1482 951 1538 aul
972 1497 990 1548 a
1010 1479 1117 1538 iunctis
1137 1477 1274 1536 Romanis
1296 1477 1325 1534 et

210 1579 328 1638 Sabinis
360 1576 511 1656 (sl-96)
543 1577 721 1636 nominatum
753 1595 816 1637 esse
846 1578 942 1637 tradit.
983 1577 1091 1636 Rursus
1123 1576 1194 1634 duae
1224 1575 1325 1632 harum

208 1676 431 1751 explicationum
452 1675 544 1735 Verrii
565 1675 711 1733 doctrinae
738 1676 926 1749 respondent:
954 1675 1082 1747 prima,
1110 1691 1196 1747 quam
1215 1671 1324 1731 Paulus

205 1791 236 1848 p.
254 1774 310 1832 103
325 1775 367 1831 ita
386 1772 486 1831 refert:
506 1772 633 1830 ‘Junium
654 1789 781 1833 mensem
803 1774 910 1832 dictum
930 1775 1035 1847 putant
1055 1772 1211 1830 aJuuone.
1232 1769 1324 1828 iidem

207 1872 303 1945 ipsum
345 1870 480 1929 dicebaut
520 1870 678 1929 ι1110111111
719 1874 747 1928 11
787 1870 989 1943 1110111111),
1030 1870 1199 1944 quibuscum
1230 1867 1325 1927 verbis

206 1969 358 2042 praecipue
379 1967 543 2027 conferendi
564 1970 633 2026 suut
651 1985 748 2027 vorsus
769 1969 811 2029 VI
832 1971 870 2028 59
892 1985 955 2042 sqq.

387 2083 507 2158 inspice,
528 2100 600 2156 quos
620 2084 725 2142 habeat
745 2084 899 2143 nemoralis
921 2083 1021 2141 Aricia
1041 2081 1132 2140 fastos

423 2183 451 2240 et
470 2181 592 2256 populus
613 2182 741 2239 Laurens
762 2181 976 2254 Lanuviumque
997 2196 1103 2237 meum:

330 2291 339 2304 ·
389 2277 514 2336 estillic
535 2279 642 2336 mensis
663 2279 817 2338 Junonius.
840 2279 951 2352 inspice
973 2277 1062 2336 Tibur

424 2377 453 2433 11
472 2375 676 2434 Praenestinae
699 2377 811 2434 moenia
832 2393 914 2434 sacra
935 2375 1018 2433 deae:
1109 2393 1112 2398 ·

394 2473 539 2532 Junonale
558 2473 638 2547 leges
664 2471 815 2549 tempus.¹)
831 2506 868 2516 —

212 2601 425 2611 ———

295 2647 321 2727 1)
342 2650 385 2709 111
404 2650 458 2711 hoc
478 2650 573 2710 Ovidii
593 2651 656 2711 loco
675 2651 762 2710 verba
791 2651 871 2710 Festi
898 2667 915 2708 a
942 2649 1032 2708 Paulo
1063 2647 1236 2721 interpolata
1263 2663 1326 2704 esse

212 2747 301 2806 credit
327 2748 480 2806 Merkelius
504 2749 524 2807 l.
551 2765 574 2807 c.
600 2766 629 2822 p.
655 2748 768 2819 XCVII,
793 2765 885 2822 neque
913 2749 995 2806 aliter
1022 2747 1056 2804 de
1080 2746 1228 2806 nonnullis
1261 2744 1327 2803 aliis

210 2846 283 2904 locis
305 2849 409 2918 censet,
424 2847 547 2920 quicum
564 2846 664 2906 Ouidio
685 2845 838 2905 manifesto
853 2846 1045 2904 consentiunt.
1072 2845 1157 2903 Cuius
1178 2843 1323 2917 opinionis

213 2959 328 3002 causam
355 2944 454 3002 afferre
481 2946 578 3002 tamen
602 2962 638 3002 ne
665 2946 784 3003 conatus
813 2943 926 3017 quidem
947 2945 998 3002 111.
1041 2943 1097 3000 Sed
1117 2944 1194 3000 extat
1214 2959 1243 3000 re
1263 2959 1329 3000 vera

212 3057 287 3098 unus
305 3041 394 3112 locus,
419 3057 474 3114 quo
500 3041 618 3100 Ovidius
646 3059 663 3099 a
688 3041 777 3101 Paulo
806 3041 977 3113 nominatur,
1002 3059 1031 3114 p.
1057 3041 1131 3099 327:
1174 3039 1325 3098 ‘Salaciam

215 3138 350 3197 dicebaut
377 3139 458 3196 deam
486 3156 586 3212 aquae,
611 3157 696 3212 quam
722 3139 863 3210 putabant
886 3140 979 3198 salum
1007 3139 1088 3210 ciere,
1113 3138 1167 3196 hoo
1188 3140 1232 3196 est
1252 3155 1328 3195 mare

213 3253 333 3295 movere.
374 3235 456 3295 Unde
481 3236 612 3295 Ovidius:
642 3236 864 3311 „Nymphaeque
885 3236 1019 3296 salaces“'
1042 3237 1094 3295 cet.
1147 3236 1241 3308 Atque
1263 3251 1327 3292 cum

216 3333 312 3392 Ovidii
333 3351 437 3392 nomen
458 3333 489 3391 111
503 3335 582 3393 Festi
602 3336 665 3393 loco
686 3332 729 3410 (p.
752 3336 835 3410 326),
857 3353 940 3408 quem
961 3334 1068 3392 Paulus
1090 3334 1236 3409 excerpsit
1257 3349 1330 3391 non-

216 3431 283 3489 dum
309 3432 428 3506 legatur,
456 3430 516 3489 iure
542 3431 636 3490 conici
655 3432 724 3492 licet
744 3434 865 3492 Paulum
887 3450 920 3490 ex
941 3449 991 3490 suo
1014 3431 1158 3491 doctrinae
1179 3448 1256 3506 penu
1275 3430 1330 3488 hoc

216 3527 371 3586 addidisse.
407 3528 516 3587 Tamen
536 3529 584 3587 hic
598 3546 672 3588 unus
686 3530 766 3589 locus
785 3531 859 3588 nihil
881 3530 978 3589 eflicit.
1013 3530 1088 3588 Nam
1105 3530 1225 3588 multum
1239 3527 1329 3598 abest,

217 3627 251 3684 ut
266 3626 326 3684 iure
341 3627 548 3685 constituamus
563 3626 654 3686 fastos
669 3628 823 3687 Ovidianos
839 3645 870 3687 oo
893 3629 1022 3700 consilio,
1042 3632 1075 3686 11
1095 3627 1224 3685 doctrina
1244 3623 1331 3682 ineis

217 3725 365 3783 recondita
385 3725 557 3799 glossarium
575 3726 655 3784 resti
676 3728 831 3799 augeretur,
853 3727 889 3786 ab
911 3744 943 3786 eo
965 3728 1111 3800 excerptos
1133 3741 1203 3795 esse,
1225 3723 1275 3796 qui
1296 3722 1332 3779 ad

219 3838 301 3879 usum
323 3822 409 3880 unius
429 3823 559 3881 vocabuli
581 3823 781 3882 illustrandum
796 3825 883 3884 semel
896 3825 990 3884 locum
1004 3843 1038 3883 11
1052 3824 1177 3894 Nasone,
1197 3821 1333 3893 scriptore

217 3919 378 3991 notissimo,
398 3921 503 3978 attulit.
544 3923 570 3978 A
591 3921 644 3979 tali
658 3921 752 3980 studio
771 3922 852 3980 resti
877 3923 1089 3996 epitomatorem
1112 3917 1331 3978 remotissimum

218 4015 308 4074 fuisse
330 4017 395 4089 quis
416 4017 555 4092 negabit?
590 4019 662 4077 Tum
682 4035 747 4078 vero
769 4019 862 4092 verba,
884 4036 956 4093 quae
978 4038 1011 4078 ex
1026 4019 1125 4080 Ovidio
1147 4018 1279 4087 citantur,
1301 4013 1332 4072 in

221 4115 283 4173 eius
295 4115 468 4173 carminibus
480 4131 620 4188 nusquam
630 4117 814 4189 reperiuntur,
825 4117 866 4175 ita
879 4119 912 4174 11
925 4117 1022 4176 111010
1035 4133 1089 4192 quo
1104 4103 1187 4175 modo
1202 4113 1335 4174 erraverit
