2994 4816
644 340 855 402 ..49-

191 509 229 568 ab
251 513 364 572 auctore
384 513 467 572 libris
482 514 516 572 de
531 513 676 574 verborum
691 515 903 590 significatione
917 517 1077 576 inculcatae
1091 518 1222 579 ridentur
1235 518 1308 576 mihi

195 625 267 668 esse.
309 611 458 670 Accedunt
483 611 534 670 alii
553 612 633 672 Festi
653 613 792 688 Paulique
821 615 886 687 loci,
917 631 997 690 quoe,
1028 629 1092 676 cnm
1123 634 1156 682 ex
1188 615 1308 690 integris

189 705 389 770 Venianorum
420 709 557 770 fastorum
589 711 666 770 uotis
697 711 823 787 excerpti
850 727 913 772 esse
939 713 1101 787 videantur,
1134 714 1191 774 iam
1213 715 1307 788 quoad

190 823 254 864 cum
275 807 375 870 Ouidio
397 811 564 884 congruunt,
585 809 777 883 exscripturus
798 827 869 869 snm.

270 905 388 966 Ovidius
409 907 450 968 IV
472 909 530 966 629
552 925 595 981 sq.
617 906 657 966 de
678 908 901 968 Fordicidiis
922 908 964 966 ita
984 909 1121 983 loquitur:

403 1049 410 1066 .
433 1050 440 1064 .
463 1051 470 1065 .
494 1051 501 1065 .
522 1005 680 1081 pontifices,
701 1005 782 1066 forda
802 1021 885 1064 sacra
905 1005 987 1066 litate
1008 1007 1079 1068 bove

442 1103 522 1164 forda
542 1104 636 1166 ferens
659 1103 710 1162 bos
732 1105 776 1163 est
796 1103 982 1178 fecundaque,
1002 1104 1080 1164 dicta
1094 1105 1218 1180 ferendo,

483 1203 552 1262 hino
573 1202 660 1262 etiam
680 1200 764 1260 fotus
776 1217 881 1262 nomeu
900 1201 1005 1260 habere
1025 1204 1137 1276 putant.

191 1297 301 1368 Quibus
323 1315 386 1358 cum
406 1299 499 1360 verbis
521 1300 653 1375 congruit
673 1300 757 1358 Pauli
777 1299 973 1374 interpretatio
994 1317 1022 1374 p.
1044 1301 1099 1360 83:
1139 1301 1307 1362 ‘Fordicidia

189 1395 276 1456 bores
310 1396 420 1470 lordae‚
451 1398 482 1458 id
515 1401 559 1456 est
593 1399 739 1474 gravidae,
780 1397 1009 1470 immolabantur,
1050 1397 1144 1457 diotae
1178 1416 1196 1456 a
1229 1399 1306 1460 fetn.’

190 1491 243 1570 (of.
264 1513 293 1569 p.
318 1496 373 1554 102
395 1513 418 1554 s.
440 1513 465 1556 ι.
487 1496 601 1574 horda.)

271 1593 465 1668 veriloquium
480 1597 583 1668 autem,
600 1595 681 1668 'quod
701 1595 740 1653 de
754 1593 943 1654 Feralibus
957 1591 1044 1654 habet
1058 1592 1176 1655 Ovidius
1189 1594 1221 1654 H
1235 1595 1306 1656 569:

351 1693 436 1765 hanc,
457 1693 526 1767 quia
545 1693 623 1752 iusta
642 1693 744 1766 ierunt,
765 1693 859 1752 dinem
879 1690 993 1750 Feralia
1012 1690 1113 1762 lucem,

191 1791 273 1852 affert
286 1789 394 1850 Paulus
408 1809 436 1865 p.
452 1792 506 1851 85:
520 1791 655 1850 ‘Feraliat
670 1790 727 1848 diis
741 1789 873 1850 manibus
888 1789 1000 1850 sacrata
1014 1787 1096 1861 festa,
1111 1807 1128 1847 a
1142 1789 1305 1850 ferendis

192 1889 326 1964 epulis,
346 1889 391 1948 vel
412 1906 430 1948 a
450 1888 586 1948 feriendis
607 1888 764 1964 pecudibus
785 1885 949 1962 appellata?

270 1987 364 2062 Atque
384 1988 415 2046 in
436 1987 495 2046 illis
515 1987 657 2060 rerumne,
678 1987 782 2062 quibus
804 1987 844 2044 de
864 1984 1085 2044 Matralibus
1106 1985 1212 2060 agitur,
1234 1986 1305 2044 duae

191 2086 293 2144 meunt
312 2103 365 2156 res,
386 2103 458 2158 quae
479 2085 516 2144 ad
536 2085 628 2146 Verrii
642 2085 839 2144 auctoritatem
852 2083 977 2142 revocari
990 2085 1120 2157 possunt.
1152 2084 1227 2144 Nam
1241 2101 1304 2143 cum

190 2183 241 2244 Or.
264 2184 385 2245 71475

350 2282 397 2354 ite,
417 2281 509 2341 bonae
529 2282 642 2354 matres,
661 2282 785 2341 eastum
806 2279 940 2340 Matralia
960 2280 1072 2353 festum,

190 2379 220 2442 at
239 2379 298 2438 479
320 2395 363 2452 sq.

349 2495 404 2552 hao
425 2493 466 2552 ibi
486 2495 550 2552 luce
570 2494 665 2553 ferunt
685 2495 811 2554 Matutae
832 2511 914 2552 sacra
935 2493 1047 2567 parenti
1138 2533 1144 2550 .

403 2591 583 2666 sceptriferas
605 2593 683 2652 Serri
704 2593 812 2666 templa
832 2591 945 2650 dedisse
966 2608 1077 2650 manus.
1165 2627 1168 2634 ·

190 2705 317 2766 conferre
330 2707 399 2767 licet
412 2707 531 2768 Paulum
545 2725 573 2781 p.
592 2709 659 2767 125:
679 2708 835 2768 ‘Matraliaz
855 2707 956 2766 Matris
970 2709 1096 2768 Matutae
1111 2707 1216 2779 festa’3
1238 2725 1301 2766 cnm

190 2822 217 2864 r.
238 2804 297 2864 547

332 2939 415 2995 quern
436 2939 489 2981 nos
509 2923 674 2994 Portunum,
701 2937 754 2980 sua
774 2921 875 2996 lingua
895 2921 1070 2980 Palaemone
1090 2921 1173 2993 dicet,

192 3036 312 3094 Paulum
333 3055 361 3110 p.
376 3037 449 3096 243:
470 3038 629 3110 ‘Portunus
652 3039 701 3111 qui
721 3039 751 3095 et
768 3036 931 3109 Palaemon,
952 3037 1119 3096 allemanie
1140 3037 1215 3094 inter
1236 3036 1303 3094 deos

191 3133 354 3194 colebatur!

271 3234 401 3308 Denique
437 3251 508 3309 qnae
543 3233 649 3291 Paulus
684 3232 772 3291 habet
802 3233 841 3290 de
875 3231 1006 3291 Fabiis
1042 3230 1302 3306 Quintiliisque

191 3351 220 3406 p.
242 3333 293 3390 87:
333 3332 461 3390 ‘Faviani
487 3333 515 3390 et
542 3331 713 3400 Quintiliani
739 3330 957 3404 appellabantur
980 3331 1101 3404 luperci,
1129 3330 1253 3390 aFario
1275 3333 1303 3388 et

192 3431 331 3500 Quintilio
352 3425 524 3506 praepositis
545 3429 622 3487 euis.’
644 3427 696 3505 (ci.
717 3429 794 3487 Fest.
815 3447 843 3503 p.
866 3431 924 3488 257
947 3446 970 3488 s.
991 3447 1017 3504 r,
1033 3427 1244 3506 Quinctilieni),
1265 3429 1301 3487 ab

193 3528 293 3588 Ouidio
315 3545 425 3602 qnoque
447 3528 483 3586 ad
500 3527 669 3601 Lupercalia
689 3527 869 3602 attinguntur
888 3527 920 3585 II
941 3529 999 3587 375
1020 3545 1098 3602 sqq.;
1121 3528 1241 3599 atquae
1263 3527 1301 3585 de

192 3627 368 3687 Bellonae
390 3627 555 3685 columna
576 3625 647 3683 dicit
666 3643 693 3698 p.
708 3626 759 3683 33:
781 3625 911 3683 ‘Bellona
925 3625 1070 3684 dicebatur
1090 3625 1144 3684 dea
1157 3624 1301 3698 bellorum,

192 3725 258 3782 ante
279 3724 359 3782 cuiue
380 3724 515 3798 templum
537 3725 597 3782 erat
618 3723 778 3794 columella,
804 3739 876 3796 quae
896 3722 1001 3780 bellica
1021 3722 1187 3794 vocabatur,
1217 3739 1301 3796 super

193 3838 277 3895 qnam
302 3822 414 3880 hastam
441 3822 597 3894 iaciebant,
626 3839 712 3897 quum
738 3820 845 3878 bellum
873 3818 1069 3878 indicebatur)
1097 3821 1247 3880 ocoumunt
1267 3822 1296 3880 in

191 3919 318 3978 Maeonis
339 3919 423 3978 fastis
444 3919 511 3978 inde
532 3939 549 3978 4
569 3939 595 3979 v.
615 3921 673 3978 201
695 3918 762 3977 libri
783 3919 869 3976 sexti:

350 4046 405 4104 hac
426 4047 538 4104 sacrata
559 4045 604 4104 die
625 4046 717 4104 Fusco
738 4043 858 4103 BeMona
879 4041 972 4101 duello

405 4143 508 4200 dicitnr
528 4145 556 4201 et
577 4143 658 4202 latio
679 4157 815 4216 prospera
835 4157 945 4213 semper
959 4139 1047 4198 adest.

1124 4237 1142 4292 4
