2994 4816
676 361 713 370 ...
762 327 803 384 50
851 359 889 368 ....

388 505 498 578 Appius
520 504 564 561 est
584 503 689 574 auctor,
712 501 817 573 Pyrrho
839 501 888 574 qui
908 514 978 572 pace
999 499 1105 572 negata

393 645 402 656 .
439 603 558 660 multum
579 601 673 658 animo
694 599 773 670 vidit,
793 599 900 657 lumine
921 598 1021 670 captus
1042 597 1109 654 erat.

387 700 530 774 Prospicit
550 716 567 756 a
583 697 692 771 'templo
714 711 851 754 summum
871 696 964 755 breuis
986 711 1051 752 area
1065 693 1177 765 circum,

439 799 483 856 est
503 796 545 854 ibi
565 813 624 855 non
644 791 747 869 parvae
768 811 855 868 parva
876 795 1007 853 columna
1027 795 1125 853 notae:

386 896 455 954 hinc
475 895 548 955 solet
567 894 652 952 hasta
672 911 766 964 manu,
787 891 857 952 belli
877 893 1054 967 praenuntia,
1074 892 1150 950 mitti

438 993 470 1051 in
490 1011 585 1068 regem
606 994 634 1051 et
654 993 754 1067 gentes
776 1007 838 1050 cum
859 992 953 1066 placet
973 1008 1051 1049 arma
1072 988 1177 1066 oapi.¹)
1199 1019 1239 1028 -

309 1091 414 1150 Omnes
435 1092 499 1163 loci,
521 1107 591 1165 quos
612 1091 758 1164 hucusque
773 1090 982 1163 exscripsimus,
1003 1089 1039 1148 ad
1054 1105 1136 1162 quern
1151 1088 1227 1145 diem
1243 1087 1274 1144 et
1289 1100 1344 1158 quo

227 1191 287 1248 inre
307 1189 461 1248 maioribus
476 1190 566 1249 Verrii
587 1188 671 1247 fastis
692 1188 835 1262 quondam
849 1188 1032 1260 inhaeserint,
1053 1187 1137 1247 facile
1152 1185 1250 1244 conici
1264 1184 1344 1242 licet.

229 1286 296 1345 Sine
318 1287 402 1348 dubio
424 1287 498 1345 nihil
519 1287 549 1345 in
572 1287 613 1344 eis
635 1285 784 1359 inuenitur,
805 1287 880 1361 quod
902 1305 919 1345 a
939 1289 1042 1346 natura
1056 1287 1186 1344 notarum
1200 1283 1345 1343 fastorum

228 1386 327 1446 Praen.
350 1385 507 1446 abhorreat.
540 1385 648 1456 Quibus
669 1386 741 1444 locis
763 1385 835 1446 alios
857 1386 1010 1447 nonnullos
1042 1384 1206 1458 adiungam,
1242 1396 1345 1456 quarn·

228 1501 312 1558 quam
334 1501 374 1556 ea,
396 1501 467 1558 quae
489 1484 530 1542 eis
553 1484 695 1554 docentur,
716 1499 774 1542 non
789 1484 830 1542 ita
844 1487 903 1543 arte
918 1501 981 1544 cum
996 1482 1185 1557 explicatione
1200 1473 1344 1540 fastorum

228 1583 414 1646 Romanorum
440 1583 570 1642 videntur
596 1582 751 1640 cohaerere.
808 1582 862 1640 Sed
889 1585 916 1641 et
943 1582 1025 1640 valde
1051 1580 1207 1640 concinunt
1237 1580 1275 1638 de
1302 1577 1343 1636 eis

228 1680 344 1738 Ovidius
366 1681 549 1754 Verriusque,
577 1679 661 1737 etin
688 1679 772 1737 fastis
799 1680 886 1738 etiam
907 1681 1007 1739 Praen.
1036 1679 1127 1738 multa
1146 1678 1343 1746 inueniuntur,

229 1796 300 1852 quae
321 1773 406 1853 lon'ge
428 1797 445 1838 a
467 1781 573 1837 dierum
595 1777 772 1836 enarratione
794 1771 909 1837 distant.
932 1780 1023 1848 Quare
1043 1778 1096 1838 hos
1117 1779 1195 1836 locos
1216 1775 1344 1835 breviter

227 1876 258 1934 in
279 1894 366 1935 unum
387 1868 579 1950 componam.

308 1974 425 2033 Ovidius
447 1975 555 2032 11671
578 1991 621 2048 sq.
651 1975 684 2032 de
709 1977 783 2034 tecto
805 1975 903 2048 templi
928 1989 1014 2048 supra
1035 1973 1197 2033 Terminum
1221 1972 1343 2048 patente

232 2073 306 2132 idem
328 2073 415 2130 tradit
436 2073 520 2146 atque
535 2072 641 2130 Paulus
662 2091 689 2147 p.
706 2074 776 2144 3683
797 2073 913 2133 Vestam
928 2074 1044 2132 eandem
1061 2089 1122 2132 esse
1137 2073 1221 2145 atque
1237 2075 1343 2131 terram

228 2171 347 2243 ideoque
373 2171 403 2228 in
429 2171 551 2230 rotunda
577 2171 645 2229 aede
674 2171 729 2232 coli
757 2173 785 2230 et
811 2171 928 2230 Ovidius
953 2171 994 2232 VI
1021 2173 1079 2229 267
1101 2188 1164 2244 sqq.
1187 2173 1218 2229 et
1236 2171 1342 2229 Festus

227 2286 254 2340 p.
277 2270 334 2326 262
357 2270 466 2328 docent.
508 2269 633 2328 Fabulae
661 2286 725 2328 vero
752 2270 785 2330 de
812 2269 888 2328 exitu
908 2270 1060 2329 Fabiorum
1089 2270 1116 2328 et
1145 2269 1178 2326 de
1199 2267 1342 2327 Mamurio
1464 2275 1465 2280 ’

227 2366 342 2427 Veturio
363 2366 540 2425 simillimum
561 2367 591 2426 in
606 2368 719 2428 modum
739 2369 766 2426 et
780 2386 797 2426 a
811 2369 895 2443 poeta
909 2369 937 2426 et
951 2385 968 2425 a
982 2367 1165 2441 grammatico
1181 2369 1342 2426 narrantur.

228 2464 275 2538 (cf.
291 2464 341 2524 Ov.
355 2465 387 2523 ΙΙ
407 2467 464 2524 201
488 2484 550 2540 sqq.
566 2484 590 2526 c.
605 2467 681 2526 Fest.
697 2483 725 2539 p.
738 2466 806 2537 285,
826 2462 898 2542 5.²);
920 2465 968 2524 0v.
982 2465 1028 2524 III
1050 2468 1108 2524 373
1130 2484 1193 2540 sqq.
1216 2483 1240 2525 c.
1257 2465 1340 2525 Paul.

226 2579 253 2634 p.
271 2563 334 2634 131,
356 2563 399 2641 7.)

227 2663 438 2672 *—

314 2693 333 2767 ¹)
365 2696 410 2754 Ad
437 2696 520 2754 Pauli
546 2697 640 2756 locum
670 2697 714 2775 (p.
737 2699 790 2778 33)
822 2699 972 2757 Muellerus
1004 2698 1163 2759 annotavit:
1195 2700 1341 2759 ‘Placidus

230 2812 257 2868 p.
280 2794 338 2852 437
361 2794 436 2868 apud
457 2795 573 2868 Maium,
596 2813 629 2853 ex
650 2797 760 2871 integro
781 2798 875 2868 Festo,
895 2799 928 2854 ut
948 2798 1029 2870 puto:
1058 2798 1186 2870 „Bellica
1206 2799 1341 2856 columna

229 2893 295 2950 ante
324 2892 421 2950 aedem
449 2893 599 2965 Bellonae,
633 2913 703 2969 quae
730 2895 829 2970 Pyrrhi
855 2896 1028 2969 temporibus
1055 2895 1210 2956 constituta
1237 2897 1341 2955 dicitur

229 2989 280 3066 (ci.
303 3007 345 3048 vv.
368 2991 426 3048 203
448 3008 506 3064 sq,
534 3008 604 3065 quos
632 2994 802 3070 exscripsi),
829 2995 861 3053 ut
888 2996 1020 3052 exeuntes
1047 2994 1083 3052 ad
1108 2993 1214 3052 bellum
1242 3011 1340 3069 snper·

228 3090 353 3148 iacerent
374 3106 433 3148 earn
456 3088 546 3161 hasta,
568 3091 654 3149 veluti
676 3093 827 3165 conspecto
848 3093 930 3151 hoste
952 3091 1075 3152 issent.“‘

309 3185 332 3260 ²)
355 3188 385 3246 Si
405 3187 469 3261 quis
484 3187 661 3261 intellexerit,
683 3190 820 3263 quomodo
841 3190 871 3248 in
886 3190 1031 3250 codicibus
1045 3208 1141 3250 uersus
1156 3191 1187 3249 ΙΙ
1201 3193 1258 3250 201
1275 3209 1338 3265 sqq.

228 3286 324 3344 traditi
346 3286 406 3344 sint
426 3285 537 3362 (Peter,
567 3303 633 3360 pars
654 3288 693 3346 Il.
717 3288 798 3359 edit,
825 3306 852 3362 p.
873 3289 945 3362 26.)‚
973 3307 1036 3348 eum
1062 3307 1119 3349 non
1148 3290 1339 3350 dubitaturum

229 3400 291 3442 esse
328 3383 462 3455 arbitror,
503 3385 572 3457 quin
603 3385 714 3444 Riesius
744 3389 819 3445 recte
850 3387 1015 3445 indicaverit
1045 3405 1070 3446 v.
1099 3389 1157 3446 203
1188 3405 1245 3448 non
1277 3406 1339 3448 esse

228 3483 432 3556 spernendum,
466 3485 670 3557 pentametmm
693 3487 785 3544 autem
806 3487 971 3558 sequentem
1002 3486 1058 3543 iam
1079 3486 1238 3559 antiquitus
1271 3503 1338 3546 casu

230 3579 350 3653 quodam
374 3580 522 3639 excidisse.
564 3581 658 3654 Atque
680 3600 740 3641 cnm
763 3584 841 3641 Festi
862 3583 954 3642 verbis
975 3602 1002 3657 p.
1025 3585 1100 3642 285:
1123 3584 1275 3658 ‘Religioni
1296 3585 1339 3643 est
1459 3617 1460 3660 1

229 3678 399 3750 quibusdam
439 3680 520 3753 porta
551 3679 722 3738 Carmentali
750 3681 860 3755 egredi;
888 3682 916 3739 et
944 3681 974 3738 in
1003 3681 1071 3739 aede
1092 3681 1170 3753 Jani,
1198 3700 1270 3756 quae
1296 3683 1338 3742 est

229 3777 306 3834 extra
327 3792 396 3847 eam,
419 3778 548 3835 senatum
569 3777 680 3836 haberi:
708 3779 782 3852 quod
809 3796 842 3837 ea
869 3778 976 3853 egressi
997 3795 1046 3835 sex
1068 3780 1095 3837 ot
1116 3781 1234 3840 trecenti
1254 3780 1337 3840 Fabii

230 3873 306 3947 apud
321 3873 477 3931 Cremeram
491 3892 588 3934 omnes
604 3874 745 3934 interfecti
760 3878 833 3948 sunt,
855 3877 962 3935 cumin
978 3876 1046 3934 aede
1060 3877 1130 3936 Jaui
1145 3879 1172 3938 S.
1189 3881 1217 3939 O.
1233 3881 1337 3940 factum

231 3971 314 4042 esset,
328 3971 370 4028 uti
385 3971 644 4044 proficiscerentur.’
660 3973 704 4046 (cf.
716 3992 743 4047 p.
756 3976 812 4033 334
828 3990 870 4048 eq.
884 3992 907 4033 s.
919 3993 944 4032 v.
961 3974 1104 4033 Scelerata
1117 3979 1219 4052 porta.)
1235 3981 1336 4053 optime

230 4068 277 4126 hic
292 4067 385 4126 Ovidii
400 4070 479 4128 locus
501 4071 650 4142 consentit,
669 4071 816 4131 dnmmodo
836 4090 898 4131 cum
919 4073 1082 4133 melioribus
1105 4075 1249 4136 codicibus
1270 4076 1337 4136 scri-

229 4167 329 4225 bamus
346 4166 411 4226 inde
427 4185 452 4226 a.
468 4186 492 4227 v.
508 4169 581 4228 201:
609 4193 612 4204 ·
