2994 4816
628 389 850 450 ,44-

180 579 235 636 quo
258 563 302 620 die
323 564 456 622 mulieres
482 562 686 622 febmabentur
714 581 731 622 a
755 563 880 637 lupercis
906 563 1028 622 amiculo
1049 563 1183 634 lunonis,
1204 563 1234 621 id
1256 567 1302 622 est

179 661 254 734 pelle
270 662 399 734 cap1·ina;
422 678 507 735 quam
532 661 568 718 ob
589 677 705 718 causam
725 660 752 718 is
773 677 884 734 quoque
906 661 967 720 dies
990 661 1148 720 Februatus
1170 661 1301 734 appella·

183 759 275 817 batur.
310 760 501 832 Quaecunque
523 758 646 832 denique
667 758 848 832 purgamenti
869 774 956 816 causa
977 759 1008 817 in
1029 759 1189 832 quibusque
1210 758 1302 816 sacri-

182 855 256 914 ficiis
289 857 467 927 adhibentur,
498 855 597 914 februa
628 856 818 930 appeMentnr.
882 855 915 913 ld
945 873 1019 927 vero,
1049 855 1125 930 quod
1156 858 1300 930 purgatur,

181 953 285 1012 dicitur
305 953 481 1012 februatum!
516 953 623 1012 Modem
643 954 726 1012 modo
747 971 765 1011 a
785 954 955 1027 purgatione
976 953 1174 1026 Lupercalium
1195 970 1301 1012 nomen

178 1050 327 1109 Februarii
348 1050 457 1108 derivat
477 1049 596 1108 Ouidius
618 1051 650 1109 Il
672 1052 710 1109 31
733 1068 776 1124 sq.

89 1167 91 1174 ·
179 1149 288 1206 Mensis
310 1147 346 1206 ab
367 1147 413 1206 his
435 1147 490 1225 (sc.
512 1148 581 1220 avis,
599 1147 770 1225 maioribus)
796 1148 898 1220 dictos,
915 1150 995 1207 secta
1009 1150 1077 1222 quia
1090 1149 1165 1221 pelle
1180 1149 1302 1222 Luperci

223 1261 306 1304 omne
327 1246 418 1304 solum
439 1246 564 1306 lustrant
584 1246 670 1320 idque
691 1246 805 1319 piamen
828 1246 944 1305 habent

263 1343 356 1417 Atque
383 1344 460 1402 hunc
484 1361 611 1402 mensem
632 1343 700 1403 olim
721 1343 810 1402 fuisse
830 1344 961 1403 ultimum
982 1343 1053 1404 anni
1073 1344 1194 1418 attingit
1214 1345 1302 1417 poeta

178 1457 221 1498 vv.
243 1440 282 1499 49
304 1458 368 1515 sqq.
830 1441 977 1535 (mensis)

309 1539 358 1612 qui
380 1542 510 1614 sequitur
530 1541 645 1610 Jenum,
665 1539 769 1597 veteru
795 1538 851 1598 fuit
872 1540 988 1598 ultimus
1010 1540 1088 1610 anni,
1109 1541 1164 1598 oet.

262 1635 392 1696 Proxime
426 1655 490 1697 vero
526 1638 666 1696 accedunt
700 1638 737 1696 ad
772 1638 855 1696 Pauli
889 1638 975 1696 verba
1009 1637 1301 1710 ‘Quaecunque

181 1733 365 1808 denique
391 1735 573 1809 purgamenti
600 1751 687 1792 causa
713 1779 721 1790 .
743 1779 750 1794 .
773 1780 780 1794 .
804 1781 811 1794 .
837 1735 936 1794 februa
963 1734 1151 1809 appellantur'
1172 1733 1302 1792 Nasonis

181 1847 278 1889 versus
300 1833 338 1890 29
360 1849 404 1906 sq.

221 1929 403 2002 denique
430 1928 708 2002 quodcunque
736 1933 788 2002 ast,
809 1949 864 2005 quo
886 1947 1002 2004 corpora
1023 1929 1259 2003 nostrapiantnr,

259 2027 314 2086 hoc
335 2027 411 2099 apud
432 2026 563 2084 intonsos
584 2043 687 2086 nomen
710 2027 854 2105 (‘febma')
876 2028 1001 2086 habebat
1022 2044 1098 2086 avos.

180 2124 283 2195 Immo,
323 2125 348 2183 si
383 2108 558 2182 accuratius
578 2126 727 2198 utrumque
757 2127 852 2185 locum
886 2125 1072 2200 contemplati
1107 2125 1219 2194 erimus,
1252 2123 1302 2181 vix

181 2222 298 2279 dubium
318 2220 404 2279 nobis
425 2220 484 2279 lore
515 2222 650 2294 arbitror,
675 2223 745 2296 quin
769 2224 800 2282 in
828 2225 940 2298 integro
965 2223 1057 2282 Verrii
1081 2239 1164 2296 opere
1191 2221 1302 2280 similia

180 2319 309 2393 exempla
336 2318 496 2378 lebrnorum
521 2320 610 2378 allata
636 2320 705 2393 sint,
730 2339 802 2395 quae
828 2321 865 2380 ab
887 2322 987 2381 Ouidio
1008 2339 1051 2380 vv.
1077 2320 1195 2378 19-28
1217 2336 1300 2377 enar·

180 2419 286 2475 rantur.
327 2417 403 2475 Nam
423 2419 483 2475 tum
504 2418 624 2489 demum,
646 2435 709 2477 cum
730 2420 859 2492 exempla
884 2421 1023 2493 quaedam
1049 2418 1202 2488 attulisset,
1222 2418 1298 2475 recte

180 2531 297 2588 pergere
318 2515 413 2587 potuit
432 2515 547 2574 Verrius
562 2517 761 2590 ‘Quaecunque
783 2516 905 2590 denique
928 2561 934 2576 .
955 2561 962 2576 .
985 2517 1010 2588 .',
1032 2533 1105 2591 quae
1119 2514 1206 2574 verba
1222 2515 1301 2587 apud

181 2612 310 2683 Paulum,
342 2612 392 2685 qui
423 2615 472 2670 aut
502 2630 553 2672 suo
585 2613 702 2673 arbitrio
730 2615 780 2674 aut
806 2614 923 2673 Festum
948 2616 1063 2673 secutus
1091 2613 1221 2686 exempla
1248 2612 1301 2671 illa

181 2709 294 2768 videtur
314 2711 454 2782 omisisse,
475 2711 522 2770 vir
542 2711 615 2770 bene
636 2712 851 2786 intelleguntur.

261 2808 304 2866 Ex
319 2825 351 2866 ec
366 2811 469 2881 autern,
485 2810 560 2882 quod
572 2809 757 2868 Febmarinm
770 2826 897 2868 mensem
912 2810 1019 2868 dictum
1034 2807 1170 2883 essesut.
1185 2809 1223 2866 33
1238 2805 1300 2882 sq.)

355 2939 393 2949 -ω
416 2907 485 2980 quie
505 2907 629 2981 placatis
650 2908 719 2964 sunt
738 2907 867 2981 tempora
887 2926 959 2981 pura
979 2905 1126 2981 sepulcris,

414 3007 483 3062 tunc
505 3021 569 3062 cum
590 3003 693 3062 ferales
714 3004 882 3077 praeteriere
910 3004 980 3075 dice,

179 3117 265 3174 quam
296 3101 415 3159 eandem
446 3103 619 3160 senteutiam
650 3101 666 3160 Ι
691 3102 729 3160 43
752 3119 863 3175 quoque
890 3103 976 3174 poeta
996 3101 1195 3174 amplectitur,
1224 3099 1300 3173 apud

181 3197 301 3256 Paulum
323 3215 379 3256 non
402 3198 459 3258 iam
484 3199 596 3273 legitur,
617 3199 734 3257 minime
756 3199 890 3273 sequitur,
910 3200 942 3256 ut
962 3198 1051 3256 elium
1072 3199 1157 3271 utque
1172 3197 1300 3256 Verrium

180 3298 322 3354 auctorem
343 3296 506 3354 adhibuerit
526 3295 652 3355 Ovidius.

260 3393 367 3452 Modern
393 3394 476 3452 modo
501 3410 546 3452 res
571 3411 602 3452 se
627 3393 715 3451 habet
740 3393 772 3450 in
799 3393 907 3452 Maio
928 3409 1034 3451 mense.
1077 3393 1162 3464 Apud
1183 3393 1299 3450 Festum

184 3489 228 3566 (p.
246 3491 317 3567 134)
334 3493 484 3549 occurrunt
503 3491 586 3549 baec:
614 3491 715 3549 ‘Maius
737 3491 845 3550 mensis
866 3491 898 3548 in
920 3489 1112 3564 compluribus
1134 3489 1299 3548 civitatibus

183 3588 296 3646 Latinis
318 3589 384 3646 ante
405 3588 503 3646 urbem
526 3588 670 3646 conditam
695 3588 786 3648 fuisse
810 3588 927 3646 videtur.
951 3589 1009 3662 qna'
1027 3605 1061 3646 ex
1082 3604 1170 3645 causa
1191 3586 1301 3663 [appel-

179 3686 255 3743 latus
277 3686 323 3757 sit,
344 3686 499 3760 ambigitur
517 3684 598 3762 (add.
620 3685 754 3762 Muell.)]
775 3687 900 3744 utruma
919 3685 1084 3757 maioribus,
1105 3685 1138 3743 ut
1156 3685 1300 3743 Juniuse

182 3783 352 3852 iunioribus,
381 3783 474 3842 dictus
502 3784 555 3854 sit;
584 3800 621 3842 an
647 3801 665 3842 a
690 3785 781 3854 Maia,
810 3783 885 3856 quod
912 3782 1050 3841 Mercurio
1076 3780 1135 3839 fflio
1167 3781 1227 3840 eius
1254 3797 1299 3839 res

182 3880 296 3939 divinae
319 3879 436 3956 [idibus]
460 3879 531 3938 liant
552 3880 698 3950 solennes;
720 3897 758 3938 au
780 3882 856 3954 quod
876 3881 934 3954 ipsi
948 3881 1016 3940 deae
1029 3881 1060 3939 in
1074 3878 1172 3938 multis
1187 3877 1299 3940 Latinis

181 3977 346 4036 civitatibus
368 3977 512 4036 sacrificia
533 3977 641 4036 fiebant
663 4021 670 4036 .
694 4021 700 4036 .
722 3977 738 4036 .’
760 3978 902 4036 Posthaeo
921 3979 1015 4036 autem
1036 3977 1208 4050 explicatum
1229 3992 1300 4046 esse,

184 4092 234 4134 cur
257 4076 340 4134 Bona
365 4075 419 4133 dea
446 4091 497 4148 pro
522 4076 600 4134 Maia
626 4074 785 4147 haberetur,
813 4075 919 4148 optimo
943 4077 1012 4147 iure,
1038 4075 1071 4134 ni
1091 4073 1184 4145 fallor,
1205 4073 1301 4146 suspi-

182 4174 263 4231 catus
288 4174 331 4231 est
352 4171 514 4233 Muellerus.
