2994 4816
696 404 913 465 -43-

248 575 290 634 eis
304 578 459 634 annotatae
474 579 541 634 sunt
555 577 679 651 singulis
701 578 809 650 diebus,
830 579 861 636 in
882 579 965 637 libris
979 579 1014 637 de
1028 579 1104 654 sign.
1120 581 1196 639 verb.
1212 583 1364 639 occurmnt
1412 619 1414 626 ·

248 675 333 747 atque
364 690 535 748 quamquam
566 677 727 734 contractae
762 678 790 734 et
823 677 984 747 mutilatae,
1018 679 1114 736 tamen
1149 693 1364 752 nonnumquam

247 771 391 830 uberiores
413 774 441 830 et
462 772 649 832 accuratiores
671 791 756 846 quam
776 774 807 834 iu
828 774 946 833 tabulis.
981 774 1090 848 Itaque,
1115 777 1141 833 si
1162 776 1204 834 eis
1224 775 1266 834 uti
1288 776 1366 846 licet,

249 888 321 944 quae
342 869 552 943 Nettleshipius
574 870 608 927 de
629 869 696 928 aliis
714 871 844 943 partibus
857 872 974 929 maximi
989 873 1083 946 operis
1098 873 1189 933 Verrii
1203 875 1363 945 constituit,

247 968 401 1026 verisimile
436 967 468 1026 lit
499 985 516 1025 a
550 968 735 1042 grammatico
770 968 849 1041 prius
884 969 976 1028 fastos
1011 970 1128 1042 copioso
1163 971 1365 1030 commentario

248 1067 405 1126 exstructos
427 1067 455 1124 et
475 1065 567 1124 editos
589 1083 658 1135 esse,
680 1083 694 1122 e
716 1065 820 1139 quibus
841 1069 942 1138 postea
962 1083 1004 1138 ea,
1019 1085 1093 1141 quae
1112 1068 1216 1127 idonea
1228 1070 1366 1128 videban-

246 1167 300 1236 tur,
321 1164 421 1238 paucis
442 1164 560 1222 mutatis
581 1163 664 1221 libris
685 1163 720 1221 de
734 1164 811 1237 sign.
825 1164 903 1223 verb.
917 1165 1027 1222 inserta
1047 1168 1123 1224 sunt.
1163 1167 1239 1241 Ergo
1260 1169 1289 1224 et
1309 1167 1364 1224 hac

247 1263 303 1332 via,
329 1263 360 1319 in
390 1279 447 1334 qua
472 1260 568 1319 Ovidii
597 1277 710 1319 carmen
738 1263 853 1320 omnino
880 1278 939 1320 non
961 1262 1117 1336 attigimus,
1139 1281 1172 1322 eo
1194 1265 1366 1334 adducimur,

247 1363 281 1418 ut
301 1377 318 1418 a
338 1359 436 1418 Verrio
457 1359 561 1418 Flacco
582 1359 673 1419 fastos
694 1359 771 1417 notis
791 1359 890 1417 multis
905 1359 1086 1433 copiosisque
1101 1361 1259 1420 illustratos
1275 1361 1366 1420 editos

249 1475 311 1516 esse
336 1474 387 1531 pro
415 1459 490 1515 certo
519 1456 658 1514 affirmare
684 1456 837 1530 possimus,
859 1473 977 1529 quorum
999 1457 1124 1530 epitoma
1144 1459 1278 1516 nimirum
1298 1458 1365 1516 fast'

248 1557 351 1614 Praen.
373 1558 449 1613 sunt.
719 1538 721 1542 ¹

329 1653 452 1713 Proinde
474 1670 546 1726 quae
567 1653 601 1710 de
622 1652 676 1710 hoc
698 1668 780 1725 opere
805 1652 839 1708 de
861 1651 936 1725 sign.
951 1651 1026 1710 verb.
1050 1655 1078 1710 et
1099 1653 1314 1726 epitomatomm
1335 1657 1364 1712 et

247 1751 379 1810 fortunae
399 1750 517 1811 arbitrio
539 1751 575 1808 ad
596 1766 650 1808 nos
669 1751 863 1826 pervenerunt,
883 1749 1080 1822 perquiramus
1102 1751 1187 1824 atque
1209 1769 1282 1824 quae
1304 1768 1367 1810 cum

248 1849 351 1907 Ouidio
382 1848 502 1906 conferri
533 1848 654 1922 possint,
681 1847 875 1917 conferamus,
900 1850 934 1905 ut
963 1849 1056 1921 magis
1087 1849 1173 1906 etiam
1204 1851 1233 1906 et
1262 1849 1367 1906 certius

250 1949 388 2020 appareat
407 1945 501 2005 Verrii
521 1941 615 2003 fastis
628 1945 759 2004 Ovidium
779 1963 862 2004 usum
884 1961 955 2003 esse.

331 2044 422 2112 Quam
441 2045 538 2100 tamen
557 2043 797 2117 comparationem
817 2060 876 2100 non
897 2042 939 2100 ita
959 2043 1150 2114 instituemus,
1170 2043 1203 2100 ut
1224 2042 1260 2100 ad
1279 2059 1368 2100 unum

249 2141 382 2200 omnibus
409 2141 491 2212 loeis,
524 2141 741 2213 quibuscunque
773 2140 918 2198 sententia
949 2141 1047 2214 aliqua
1077 2140 1173 2200 Ovidii
1207 2141 1367 2214 respondet,

250 2239 396 2312 congestis
423 2255 509 2311 quam
534 2237 746 2296 accuratissime
773 2253 967 2310 comparemus
996 2237 1112 2311 singula
1132 2237 1226 2296 verba.
1268 2237 1368 2312 Neque

250 2335 326 2394 euim
340 2337 377 2394 id
399 2337 498 2407 agitur,
517 2337 550 2392 ut
569 2334 773 2408 perquiramus,
794 2336 887 2392 utrum
902 2335 1019 2393 Ovidius
1040 2335 1129 2394 libror
1151 2336 1185 2393 de
1200 2336 1275 2409 sign.
1291 2335 1366 2393 verb.

249 2434 281 2492 in
306 2451 389 2492 usum
418 2433 560 2491 vocaverit
588 2449 690 2502 necne3
719 2449 804 2505 quam
828 2449 887 2490 rem
911 2435 944 2491 ut
969 2450 1019 2492 suo
1049 2433 1165 2491 arbitrio
1190 2433 1367 2500 diiudicaret‚

250 2531 405 2589 lllerkelius
432 2531 511 2590 locos
539 2548 570 2588 er
592 2531 710 2604 utroque
736 2529 815 2588 fonte
842 2530 1072 2605 diligentissime,
1093 2534 1126 2590 ut
1146 2530 1226 2602 solet,
1248 2529 1368 2588 collatos

250 2645 303 2686 sua
322 2628 434 2686 ratione
456 2629 632 2702 comparavit
647 2627 681 2704 (l.
694 2646 717 2686 o.
732 2646 761 2701 p.
776 2628 866 2688 XCIV
869 2628 995 2705 -OVI').
1017 2629 1073 2687 Sed
1089 2646 1122 2686 er
1135 2628 1214 2686 Festi
1229 2627 1368 2699 Paulique

250 2725 383 2800 operibus
415 2742 462 2784 eos
494 2726 571 2784 solos
601 2726 679 2784 locos
711 2726 858 2799 eligemus
890 2744 960 2800 quos
992 2727 1085 2786 Verrii
1116 2725 1201 2784 lastis
1225 2724 1369 2799 quondam

250 2823 412 2883 inhaesisse
448 2823 546 2897 aliqua
570 2841 633 2882 cum
658 2824 864 2898 probabilitate
892 2825 986 2883 conici
1006 2826 1109 2898 potest.
1152 2825 1260 2882 Tamen
1280 2840 1316 2881 ne
1337 2823 1368 2880 in

250 2921 298 2979 his
319 2920 392 2980 locis
414 2921 556 2995 eligendis
571 2921 657 2980 nimis
671 2923 768 2980 nostro
784 2922 901 2982 arbitrio
920 2923 1076 2982 indulsisse
1097 2922 1249 2992 videamur,
1270 2937 1368 2980 omnes

251 3035 300 3080 eos
320 3019 399 3077 locos
420 3019 613 3091 respiciemus,
635 3021 739 3092 quibus
759 3021 898 3079 llerlrelio
920 3020 955 3098 (l.
978 3038 1002 3078 c.
1024 3039 1051 3094 p.
1076 3020 1144 3078 CIII
1165 3018 1225 3096 sq.)
1248 3025 1276 3076 et
1295 3017 1370 3076 inter

252 3133 315 3189 eos,
348 3116 398 3189 qui
430 3133 492 3173 eum
523 3119 591 3174 sunt
622 3117 726 3189 secuti,
758 3119 904 3178 Huelseno
936 3118 971 3196 (l.
1001 3136 1024 3176 o.
1053 3136 1081 3192 p.
1109 3120 1149 3177 40
1180 3134 1245 3190 sqq.
1275 3115 1368 3193 XIV.)

250 3230 417 3287 persuasum
458 3215 502 3271 est
535 3212 626 3272 Verrii
668 3215 826 3272 doctrinam
861 3215 891 3273 in
928 3233 1040 3274 carmon
1075 3215 1170 3274 Ovidii
1205 3231 1368 3273 conversam

251 3329 310 3372 non
331 3328 403 3369 esee.
1224 3325 1227 3330 “

333 3409 376 3466 Ac
388 3429 389 3432 ¹
401 3407 523 3481 primum
550 3407 664 3480 quidem
685 3409 719 3468 de
741 3411 882 3468 mensium
902 3409 1068 3468 nominibus
1090 3409 1282 3483 quaeextant
1303 3426 1370 3468 oon-

252 3506 384 3565 feramus
441 3505 586 3574 Quomodo
621 3505 652 3563 in
686 3507 820 3566 Januarii
855 3508 952 3567 Martii
985 3506 1095 3580 Aprilis
1130 3507 1369 3580 explicationibus

254 3603 449 3663 consentirent
470 3602 588 3662 Ovidius
609 3603 787 3678 Verriusque,
808 3607 866 3664 iam
892 3622 980 3680 supra
1004 3604 1206 3664 intelleximus.
1248 3604 1369 3662 Restant

251 3702 341 3776 igitur
360 3701 531 3760 Febmarius
552 3700 646 3758 Maius
667 3701 783 3762 lunius.

332 3798 375 3856 De
402 3799 635 3858 Februario
664 3802 758 3858 autem
777 3801 849 3860 baec
869 3801 900 3858 in
922 3800 1006 3858 Pauli
1027 3799 1152 3872 epitoma
1172 3799 1280 3873 scripta
1300 3801 1372 3857 sunt

251 3915 281 3970 p.
301 3898 354 3956 85:
377 3896 555 3954 ‘Febmarius
575 3897 685 3955 mensis
706 3898 807 3970 dictus,
829 3899 904 3973 quod
924 3899 992 3969 turn,
1013 3897 1044 3956 id
1065 3898 1109 3956 est
1129 3897 1251 3957 extremo
1273 3915 1370 3955 mense

253 3995 330 4065 anni,
356 3995 479 4067 populus
505 3991 690 4067 februaretur,
715 3996 745 4054 id
766 3998 812 4054 est
830 3996 996 4054 lustraretur
1021 4011 1055 4052 ac
1079 3996 1260 4068 purgaretur,
1286 3996 1371 4054 vela

252 4091 367 4150 Junone
393 4091 543 4163 Februata,
571 4109 656 4165 quam
682 4092 733 4150 alii
757 4093 933 4163 Febmalem
953 4091 1074 4150 Romani
1095 4092 1238 4151 Februlim
1259 4097 1370 4166 vocant,

254 4190 329 4263 quod
350 4190 408 4262 ipsi
430 4205 462 4248 eo
483 4205 581 4247 mense
602 4206 684 4248 sacra
704 4189 819 4262 fiebant,
844 4193 960 4264 eiusque
982 4190 1069 4248 feriae
1091 4191 1172 4248 erant
1192 4191 1369 4265 Lupercalia,
