<?xml version="1.0" encoding="UTF-8"?>
<!DOCTYPE html PUBLIC "-//W3C//DTD XHTML 1.0 Transitional//EN"
    "http://www.w3.org/TR/xhtml1/DTD/xhtml1-transitional.dtd">
<html xmlns="http://www.w3.org/1999/xhtml" xml:lang="en" lang="en">
 <head>
  <title>
</title>
<meta http-equiv="Content-Type" content="text/html;charset=utf-8" />
  <meta name='ocr-system' content='tesseract 3.04.00' />
  <meta name='ocr-capabilities' content='ocr_page ocr_carea ocr_par ocr_line ocrx_word'/>
</head>
<body>
  <div class='ocr_page' id='page_1' title='image "./defastisveriifl00wintgoog_0061.png"; bbox 0 0 2994 4816; ppageno 0'>
   <div class='ocr_carea' id='block_1_1' title="bbox 679 358 896 422">
    <p class='ocr_par' dir='ltr' id='par_1_1' title="bbox 679 358 896 422">
     <span class='ocr_line' id='line_1_1' title="bbox 679 358 896 422; baseline 0 -17"><span class='ocrx_word' id='word_1_1' title='bbox 679 358 896 422; x_wconf 70' lang='lat'>...52-</span> 
     </span>
    </p>
   </div>
   <div class='ocr_carea' id='block_1_2' title="bbox 233 527 1341 614">
    <p class='ocr_par' dir='ltr' id='par_1_2' title="bbox 233 527 1341 614">
     <span class='ocr_line' id='line_1_2' title="bbox 233 527 1341 614; baseline 0.011 -28"><span class='ocrx_word' id='word_1_2' title='bbox 233 527 370 604; x_wconf 83' lang='lat' dir='ltr'>Pelignos</span> <span class='ocrx_word' id='word_1_3' title='bbox 393 531 562 591; x_wconf 89' lang='lat' dir='ltr'>Sabinorum</span> <span class='ocrx_word' id='word_1_4' title='bbox 585 534 699 608; x_wconf 85' lang='lat' dir='ltr'>gentem</span> <span class='ocrx_word' id='word_1_5' title='bbox 725 535 859 608; x_wconf 90' lang='lat' dir='ltr'>appellat,</span> <span class='ocrx_word' id='word_1_6' title='bbox 884 535 966 594; x_wconf 84' lang='lat' dir='ltr'><strong>Paul.</strong></span> <span class='ocrx_word' id='word_1_7' title='bbox 983 553 1011 610; x_wconf 88' lang='lat' dir='ltr'>p.</span> <span class='ocrx_word' id='word_1_8' title='bbox 1028 539 1095 610; x_wconf 88' lang='grc'>222,</span> <span class='ocrx_word' id='word_1_9' title='bbox 1123 539 1158 597; x_wconf 92' lang='grc'>10</span> <span class='ocrx_word' id='word_1_10' title='bbox 1179 557 1214 597; x_wconf 84' lang='lat' dir='ltr'>ex</span> <span class='ocrx_word' id='word_1_11' title='bbox 1230 538 1341 614; x_wconf 87' lang='lat' dir='ltr'>Illyrico</span> 
     </span>
    </p>
   </div>
   <div class='ocr_carea' id='block_1_3' title="bbox 233 626 1462 3845">
    <p class='ocr_par' dir='ltr' id='par_1_3' title="bbox 233 626 1346 1785">
     <span class='ocr_line' id='line_1_3' title="bbox 233 626 1339 709; baseline 0.01 -26"><span class='ocrx_word' id='word_1_12' title='bbox 233 626 308 683; x_wconf 89' lang='lat' dir='ltr'>ortos</span> <span class='ocrx_word' id='word_1_13' title='bbox 333 626 498 688; x_wconf 86' lang='lat' dir='ltr'>affirmavit:</span> <span class='ocrx_word' id='word_1_14' title='bbox 530 629 643 689; x_wconf 89' lang='lat' dir='ltr'>Verrius</span> <span class='ocrx_word' id='word_1_15' title='bbox 667 632 770 704; x_wconf 88' lang='lat' dir='ltr'>palatii</span> <span class='ocrx_word' id='word_1_16' title='bbox 800 633 897 694; x_wconf 89' lang='lat' dir='ltr'>incola</span> <span class='ocrx_word' id='word_1_17' title='bbox 924 635 1041 709; x_wconf 89' lang='lat' dir='ltr'>scripsit</span> <span class='ocrx_word' id='word_1_18' title='bbox 1066 635 1237 709; x_wconf 86' lang='lat' dir='ltr'>piscatorios</span> <span class='ocrx_word' id='word_1_19' title='bbox 1257 636 1339 694; x_wconf 88' lang='lat' dir='ltr'>ludos</span> 
     </span>
     <span class='ocr_line' id='line_1_4' title="bbox 233 722 1339 806; baseline 0.01 -25"><span class='ocrx_word' id='word_1_20' title='bbox 233 722 294 781; x_wconf 89' lang='lat' dir='ltr'>fieri</span> <span class='ocrx_word' id='word_1_21' title='bbox 313 725 394 783; x_wconf 87' lang='lat' dir='ltr'>trans</span> <span class='ocrx_word' id='word_1_22' title='bbox 415 725 539 785; x_wconf 77' lang='lat' dir='ltr'>Tiberim</span> <span class='ocrx_word' id='word_1_23' title='bbox 561 727 653 804; x_wconf 83' lang='lat' dir='ltr'>(Pest.</span> <span class='ocrx_word' id='word_1_24' title='bbox 675 748 703 802; x_wconf 91' lang='lat' dir='ltr'>p.</span> <span class='ocrx_word' id='word_1_25' title='bbox 725 731 784 788; x_wconf 88' lang='grc'>210</span> <span class='ocrx_word' id='word_1_26' title='bbox 805 748 849 804; x_wconf 89' lang='lat' dir='ltr'>sq.</span> <span class='ocrx_word' id='word_1_27' title='bbox 872 733 899 789; x_wconf 93' lang='lat' dir='ltr'>et</span> <span class='ocrx_word' id='word_1_28' title='bbox 919 733 996 806; x_wconf 88' lang='grc'>238),</span> <span class='ocrx_word' id='word_1_29' title='bbox 1018 731 1135 792; x_wconf 88' lang='lat' dir='ltr'>Ovidius</span> <span class='ocrx_word' id='word_1_30' title='bbox 1149 752 1214 794; x_wconf 84' lang='lat' dir='ltr'>varo</span> <span class='ocrx_word' id='word_1_31' title='bbox 1228 735 1269 795; x_wconf 88' lang='lat' dir='ltr'>VI</span> <span class='ocrx_word' id='word_1_32' title='bbox 1283 736 1339 793; x_wconf 89' lang='grc'>237</span> 
     </span>
     <span class='ocr_line' id='line_1_5' title="bbox 234 819 1342 904; baseline 0.012 -26"><span class='ocrx_word' id='word_1_33' title='bbox 234 819 265 878; x_wconf 91' lang='lat' dir='ltr'>in</span> <span class='ocrx_word' id='word_1_34' title='bbox 286 838 386 896; x_wconf 88' lang='lat' dir='ltr'>campo</span> <span class='ocrx_word' id='word_1_35' title='bbox 400 823 522 884; x_wconf 62' lang='lat' dir='ltr'>Martio)</span> <span class='ocrx_word' id='word_1_36' title='bbox 563 825 618 884; x_wconf 90' lang='lat' dir='ltr'>Sed</span> <span class='ocrx_word' id='word_1_37' title='bbox 639 827 665 884; x_wconf 94' lang='lat' dir='ltr'>si</span> <span class='ocrx_word' id='word_1_38' title='bbox 693 829 852 886; x_wconf 89' lang='lat' dir='ltr'>accuratius</span> <span class='ocrx_word' id='word_1_39' title='bbox 873 828 1003 888; x_wconf 86' lang='lat' dir='ltr'>Ovidium</span> <span class='ocrx_word' id='word_1_40' title='bbox 1026 829 1244 904; x_wconf 78' lang='lat' dir='ltr'>inspexerimus,</span> <span class='ocrx_word' id='word_1_41' title='bbox 1264 832 1342 891; x_wconf 85' lang='lat' dir='ltr'>ride-</span> 
     </span>
     <span class='ocr_line' id='line_1_6' title="bbox 233 918 1342 1003; baseline 0.009 -27"><span class='ocrx_word' id='word_1_42' title='bbox 233 918 328 978; x_wconf 84' lang='lat' dir='ltr'>bimus</span> <span class='ocrx_word' id='word_1_43' title='bbox 349 937 412 978; x_wconf 91' lang='lat' dir='ltr'>eum</span> <span class='ocrx_word' id='word_1_44' title='bbox 433 921 505 981; x_wconf 88' lang='lat' dir='ltr'>illud</span> <span class='ocrx_word' id='word_1_45' title='bbox 525 923 560 981; x_wconf 94' lang='lat' dir='ltr'>de</span> <span class='ocrx_word' id='word_1_46' title='bbox 574 925 724 999; x_wconf 81' lang='lat' dir='ltr'>Paelignis</span> <span class='ocrx_word' id='word_1_47' title='bbox 745 942 778 984; x_wconf 88' lang='lat' dir='ltr'>eo</span> <span class='ocrx_word' id='word_1_48' title='bbox 798 927 860 986; x_wconf 95' lang='lat' dir='ltr'>loco</span> <span class='ocrx_word' id='word_1_49' title='bbox 882 927 990 1002; x_wconf 87' lang='lat' dir='ltr'>dooere,</span> <span class='ocrx_word' id='word_1_50' title='bbox 1011 946 1066 1003; x_wconf 88' lang='lat' dir='ltr'>quo</span> <span class='ocrx_word' id='word_1_51' title='bbox 1081 929 1116 988; x_wconf 89' lang='lat' dir='ltr'>de</span> <span class='ocrx_word' id='word_1_52' title='bbox 1129 947 1228 988; x_wconf 89' lang='lat' dir='ltr'>mense</span> <span class='ocrx_word' id='word_1_53' title='bbox 1242 929 1342 988; x_wconf 85' lang='lat' dir='ltr'>Martio</span> 
     </span>
     <span class='ocr_line' id='line_1_7' title="bbox 234 1018 1345 1096; baseline 0.008 -22"><span class='ocrx_word' id='word_1_54' title='bbox 234 1018 310 1090; x_wconf 91' lang='lat' dir='ltr'>apud</span> <span class='ocrx_word' id='word_1_55' title='bbox 330 1019 451 1091; x_wconf 93' lang='lat' dir='ltr'>populos</span> <span class='ocrx_word' id='word_1_56' title='bbox 467 1019 591 1080; x_wconf 73' lang='lat' dir='ltr'>Latinos</span> <span class='ocrx_word' id='word_1_57' title='bbox 612 1023 745 1096; x_wconf 88' lang='lat' dir='ltr'>loquitur,</span> <span class='ocrx_word' id='word_1_58' title='bbox 768 1041 853 1096; x_wconf 91' lang='lat' dir='ltr'>quam</span> <span class='ocrx_word' id='word_1_59' title='bbox 867 1025 1025 1085; x_wconf 81' lang='lat' dir='ltr'>doctrinam</span> <span class='ocrx_word' id='word_1_60' title='bbox 1040 1045 1072 1085; x_wconf 87' lang='lat' dir='ltr'>ox</span> <span class='ocrx_word' id='word_1_61' title='bbox 1086 1028 1241 1086; x_wconf 88' lang='lat' dir='ltr'>maioribus</span> <span class='ocrx_word' id='word_1_62' title='bbox 1255 1027 1345 1088; x_wconf 87' lang='lat' dir='ltr'>Verrii</span> 
     </span>
     <span class='ocr_line' id='line_1_8' title="bbox 233 1115 1345 1198; baseline 0.009 -26"><span class='ocrx_word' id='word_1_63' title='bbox 233 1115 319 1173; x_wconf 85' lang='lat' dir='ltr'>fastis</span> <span class='ocrx_word' id='word_1_64' title='bbox 331 1118 473 1189; x_wconf 88' lang='lat' dir='ltr'>sumptam</span> <span class='ocrx_word' id='word_1_65' title='bbox 484 1135 546 1177; x_wconf 91' lang='lat' dir='ltr'>esse</span> <span class='ocrx_word' id='word_1_66' title='bbox 557 1137 643 1195; x_wconf 89' lang='lat' dir='ltr'>supra</span> <span class='ocrx_word' id='word_1_67' title='bbox 654 1120 697 1198; x_wconf 82' lang='lat' dir='ltr'>(p.</span> <span class='ocrx_word' id='word_1_68' title='bbox 707 1121 792 1198; x_wconf 80' lang='grc'>212)</span> <span class='ocrx_word' id='word_1_69' title='bbox 806 1122 890 1182; x_wconf 88' lang='lat' dir='ltr'>nobis</span> <span class='ocrx_word' id='word_1_70' title='bbox 899 1124 1053 1182; x_wconf 88' lang='lat' dir='ltr'>verisimile</span> <span class='ocrx_word' id='word_1_71' title='bbox 1066 1124 1159 1184; x_wconf 88' lang='lat' dir='ltr'>visum</span> <span class='ocrx_word' id='word_1_72' title='bbox 1173 1127 1226 1184; x_wconf 88' lang='lat' dir='ltr'>est.</span> <span class='ocrx_word' id='word_1_73' title='bbox 1246 1126 1345 1198; x_wconf 87' lang='lat' dir='ltr'>Itaque</span> 
     </span>
     <span class='ocr_line' id='line_1_9' title="bbox 236 1213 1346 1282; baseline 0.009 -12"><span class='ocrx_word' id='word_1_74' title='bbox 236 1213 403 1272; x_wconf 91' lang='lat' dir='ltr'>coniecerim</span> <span class='ocrx_word' id='word_1_75' title='bbox 434 1214 564 1276; x_wconf 86' lang='lat' dir='ltr'>Ovidium</span> <span class='ocrx_word' id='word_1_76' title='bbox 597 1219 627 1276; x_wconf 92' lang='lat' dir='ltr'>in</span> <span class='ocrx_word' id='word_1_77' title='bbox 660 1219 738 1279; x_wconf 83' lang='lat' dir='ltr'>fonte</span> <span class='ocrx_word' id='word_1_78' title='bbox 767 1237 819 1278; x_wconf 89' lang='lat' dir='ltr'>suo</span> <span class='ocrx_word' id='word_1_79' title='bbox 844 1221 988 1280; x_wconf 90' lang='lat' dir='ltr'>invenisse</span> <span class='ocrx_word' id='word_1_80' title='bbox 1014 1223 1085 1281; x_wconf 88' lang='lat' dir='ltr'>talia</span> <span class='ocrx_word' id='word_1_81' title='bbox 1109 1223 1180 1282; x_wconf 82' lang='lat' dir='ltr'>lere:</span> <span class='ocrx_word' id='word_1_82' title='bbox 1220 1224 1346 1282; x_wconf 83' lang='lat' dir='ltr'>‘Martius</span> 
     </span>
     <span class='ocr_line' id='line_1_10' title="bbox 234 1310 1346 1394; baseline 0.012 -27"><span class='ocrx_word' id='word_1_83' title='bbox 234 1310 342 1369; x_wconf 87' lang='lat' dir='ltr'>mensis</span> <span class='ocrx_word' id='word_1_84' title='bbox 364 1354 490 1373; x_wconf 88' lang='grc'><strong>.....</strong></span> <span class='ocrx_word' id='word_1_85' title='bbox 512 1318 629 1390; x_wconf 88' lang='lat' dir='ltr'>quartus</span> <span class='ocrx_word' id='word_1_86' title='bbox 655 1318 730 1390; x_wconf 88' lang='lat' dir='ltr'>apud</span> <span class='ocrx_word' id='word_1_87' title='bbox 757 1317 880 1377; x_wconf 87' lang='lat' dir='ltr'>Sabinos</span> <span class='ocrx_word' id='word_1_88' title='bbox 906 1320 938 1376; x_wconf 89' lang='lat' dir='ltr'>et</span> <span class='ocrx_word' id='word_1_89' title='bbox 958 1319 1132 1394; x_wconf 84' lang='lat' dir='ltr'>Paelignos&#39;,</span> <span class='ocrx_word' id='word_1_90' title='bbox 1157 1321 1228 1380; x_wconf 91' lang='lat' dir='ltr'>duos</span> <span class='ocrx_word' id='word_1_91' title='bbox 1255 1323 1346 1380; x_wconf 90' lang='lat' dir='ltr'>autem</span> 
     </span>
     <span class='ocr_line' id='line_1_11' title="bbox 235 1409 1344 1490; baseline 0.007 -22"><span class='ocrx_word' id='word_1_92' title='bbox 235 1409 357 1482; x_wconf 90' lang='lat' dir='ltr'>populos</span> <span class='ocrx_word' id='word_1_93' title='bbox 383 1427 433 1468; x_wconf 88' lang='lat' dir='ltr'>suo</span> <span class='ocrx_word' id='word_1_94' title='bbox 459 1412 541 1473; x_wconf 91' lang='lat' dir='ltr'>modo</span> <span class='ocrx_word' id='word_1_95' title='bbox 570 1416 598 1472; x_wconf 92' lang='lat' dir='ltr'>et</span> <span class='ocrx_word' id='word_1_96' title='bbox 624 1432 676 1474; x_wconf 91' lang='lat' dir='ltr'>sua</span> <span class='ocrx_word' id='word_1_97' title='bbox 701 1415 811 1490; x_wconf 86' lang='lat' dir='ltr'>patriae</span> <span class='ocrx_word' id='word_1_98' title='bbox 840 1417 1004 1490; x_wconf 79' lang='lat' dir='ltr'>cognitione</span> <span class='ocrx_word' id='word_1_99' title='bbox 1031 1419 1197 1478; x_wconf 84' lang='lat' dir='ltr'>ooneunisse</span> <span class='ocrx_word' id='word_1_100' title='bbox 1217 1419 1344 1478; x_wconf 85' lang='lat' dir='ltr'>versibus</span> 
     </span>
     <span class='ocr_line' id='line_1_12' title="bbox 235 1505 405 1580; baseline 0.018 -18"><span class='ocrx_word' id='word_1_101' title='bbox 235 1505 281 1563; x_wconf 94' lang='lat' dir='ltr'>III</span> <span class='ocrx_word' id='word_1_102' title='bbox 303 1507 340 1564; x_wconf 82' lang='lat'>95</span> <span class='ocrx_word' id='word_1_103' title='bbox 362 1523 405 1580; x_wconf 91' lang='lat' dir='ltr'>sq.</span> 
     </span>
     <span class='ocr_line' id='line_1_13' title="bbox 395 1607 1134 1687; baseline 0.015 -25"><span class='ocrx_word' id='word_1_104' title='bbox 395 1607 423 1663; x_wconf 91' lang='lat' dir='ltr'>et</span> <span class='ocrx_word' id='word_1_105' title='bbox 443 1607 497 1666; x_wconf 89' lang='lat' dir='ltr'>tibi</span> <span class='ocrx_word' id='word_1_106' title='bbox 518 1626 582 1669; x_wconf 91' lang='lat' dir='ltr'>cum</span> <span class='ocrx_word' id='word_1_107' title='bbox 602 1612 724 1685; x_wconf 88' lang='lat' dir='ltr'>proavis,</span> <span class='ocrx_word' id='word_1_108' title='bbox 745 1613 828 1671; x_wconf 88' lang='lat' dir='ltr'>miles</span> <span class='ocrx_word' id='word_1_109' title='bbox 849 1611 996 1687; x_wconf 83' lang='lat' dir='ltr'>Paeligne,</span> <span class='ocrx_word' id='word_1_110' title='bbox 1017 1613 1134 1674; x_wconf 82' lang='lat' dir='ltr'>Sabinis</span> 
     </span>
     <span class='ocr_line' id='line_1_14' title="bbox 447 1709 1235 1785; baseline 0.006 -18"><span class='ocrx_word' id='word_1_111' title='bbox 447 1709 591 1768; x_wconf 87' lang='lat' dir='ltr'>convenit:</span> <span class='ocrx_word' id='word_1_112' title='bbox 631 1710 699 1768; x_wconf 88' lang='lat' dir='ltr'>hnic</span> <span class='ocrx_word' id='word_1_113' title='bbox 719 1711 801 1785; x_wconf 89' lang='lat' dir='ltr'>genti</span> <span class='ocrx_word' id='word_1_114' title='bbox 823 1711 939 1784; x_wconf 89' lang='lat' dir='ltr'>quartus</span> <span class='ocrx_word' id='word_1_115' title='bbox 963 1711 1075 1785; x_wconf 88' lang='lat' dir='ltr'>utrique</span> <span class='ocrx_word' id='word_1_116' title='bbox 1096 1713 1174 1772; x_wconf 90' lang='lat' dir='ltr'>deus.</span> <span class='ocrx_word' id='word_1_117' title='bbox 1197 1747 1235 1756; x_wconf 96' lang='lat'>—</span> 
     </span>
    </p>

    <p class='ocr_par' dir='ltr' id='par_1_4' title="bbox 235 1808 1349 2373">
     <span class='ocr_line' id='line_1_15' title="bbox 235 1808 1349 1883; baseline 0.002 -17"><span class='ocrx_word' id='word_1_118' title='bbox 235 1809 328 1880; x_wconf 86' lang='lat' dir='ltr'>Atque</span> <span class='ocrx_word' id='word_1_119' title='bbox 355 1809 429 1882; x_wconf 95' lang='lat' dir='ltr'>quod</span> <span class='ocrx_word' id='word_1_120' title='bbox 461 1809 498 1867; x_wconf 90' lang='lat' dir='ltr'>ad</span> <span class='ocrx_word' id='word_1_121' title='bbox 523 1808 617 1868; x_wconf 92' lang='lat' dir='ltr'>locum</span> <span class='ocrx_word' id='word_1_122' title='bbox 646 1808 775 1868; x_wconf 91' lang='lat' dir='ltr'>ludomm</span> <span class='ocrx_word' id='word_1_123' title='bbox 807 1809 1024 1882; x_wconf 88' lang='lat' dir='ltr'>piscatoriorum</span> <span class='ocrx_word' id='word_1_124' title='bbox 1058 1811 1189 1883; x_wconf 82' lang='lat' dir='ltr'>pertinet,</span> <span class='ocrx_word' id='word_1_125' title='bbox 1222 1811 1349 1881; x_wconf 82' lang='lat' dir='ltr'>Ovidius,</span> 
     </span>
     <span class='ocr_line' id='line_1_16' title="bbox 235 1905 1346 1984; baseline 0.003 -22"><span class='ocrx_word' id='word_1_126' title='bbox 235 1906 349 1964; x_wconf 89' lang='lat' dir='ltr'>etiamsi</span> <span class='ocrx_word' id='word_1_127' title='bbox 370 1908 400 1965; x_wconf 94' lang='lat' dir='ltr'>in</span> <span class='ocrx_word' id='word_1_128' title='bbox 416 1906 507 1967; x_wconf 89' lang='lat' dir='ltr'>Verrii</span> <span class='ocrx_word' id='word_1_129' title='bbox 527 1905 611 1965; x_wconf 82' lang='lat' dir='ltr'>fastis</span> <span class='ocrx_word' id='word_1_130' title='bbox 631 1907 712 1964; x_wconf 88' lang='lat' dir='ltr'>trans</span> <span class='ocrx_word' id='word_1_131' title='bbox 727 1906 852 1965; x_wconf 77' lang='lat' dir='ltr'>Tiberim</span> <span class='ocrx_word' id='word_1_132' title='bbox 874 1923 922 1964; x_wconf 90' lang='lat' dir='ltr'>eos</span> <span class='ocrx_word' id='word_1_133' title='bbox 943 1907 1080 1966; x_wconf 89' lang='lat' dir='ltr'>celebrari</span> <span class='ocrx_word' id='word_1_134' title='bbox 1100 1909 1180 1984; x_wconf 77' lang='lat' dir='ltr'>legit,</span> <span class='ocrx_word' id='word_1_135' title='bbox 1202 1909 1300 1968; x_wconf 88' lang='lat' dir='ltr'>tamen</span> <span class='ocrx_word' id='word_1_136' title='bbox 1314 1909 1346 1966; x_wconf 93' lang='lat' dir='ltr'>de</span> 
     </span>
     <span class='ocr_line' id='line_1_17' title="bbox 235 2003 1347 2079; baseline 0.002 -18"><span class='ocrx_word' id='word_1_137' title='bbox 235 2019 288 2062; x_wconf 90' lang='lat' dir='ltr'>sua</span> <span class='ocrx_word' id='word_1_138' title='bbox 297 2003 364 2063; x_wconf 84' lang='lat' dir='ltr'>festi</span> <span class='ocrx_word' id='word_1_139' title='bbox 374 2005 479 2063; x_wconf 91' lang='lat' dir='ltr'>notitia</span> <span class='ocrx_word' id='word_1_140' title='bbox 489 2003 576 2075; x_wconf 90' lang='lat' dir='ltr'>alind,</span> <span class='ocrx_word' id='word_1_141' title='bbox 587 2003 614 2061; x_wconf 91' lang='lat' dir='ltr'>si</span> <span class='ocrx_word' id='word_1_142' title='bbox 624 2003 738 2077; x_wconf 90' lang='lat' dir='ltr'>quidem</span> <span class='ocrx_word' id='word_1_143' title='bbox 754 2004 832 2062; x_wconf 92' lang='lat' dir='ltr'>aliud</span> <span class='ocrx_word' id='word_1_144' title='bbox 847 2005 897 2076; x_wconf 91' lang='lat' dir='ltr'>est,</span> <span class='ocrx_word' id='word_1_145' title='bbox 911 2005 1020 2063; x_wconf 79' lang='lat' dir='ltr'>tradere</span> <span class='ocrx_word' id='word_1_146' title='bbox 1034 2006 1136 2079; x_wconf 88' lang='lat' dir='ltr'>potnit.</span> <span class='ocrx_word' id='word_1_147' title='bbox 1156 2005 1259 2078; x_wconf 83' lang='lat' dir='ltr'>Neque</span> <span class='ocrx_word' id='word_1_148' title='bbox 1273 2005 1347 2064; x_wconf 89' lang='lat' dir='ltr'>enim</span> 
     </span>
     <span class='ocr_line' id='line_1_18' title="bbox 237 2101 1346 2176; baseline 0.001 -18"><span class='ocrx_word' id='word_1_149' title='bbox 237 2101 344 2175; x_wconf 88' lang='lat' dir='ltr'>dubito,</span> <span class='ocrx_word' id='word_1_150' title='bbox 357 2101 426 2176; x_wconf 91' lang='lat' dir='ltr'>quin</span> <span class='ocrx_word' id='word_1_151' title='bbox 437 2102 468 2160; x_wconf 93' lang='lat' dir='ltr'>hi</span> <span class='ocrx_word' id='word_1_152' title='bbox 478 2103 539 2161; x_wconf 91' lang='lat' dir='ltr'>ludi</span> <span class='ocrx_word' id='word_1_153' title='bbox 549 2104 618 2174; x_wconf 92' lang='lat' dir='ltr'>tum,</span> <span class='ocrx_word' id='word_1_154' title='bbox 630 2101 795 2162; x_wconf 87' lang='lat' dir='ltr'>siouthodie</span> <span class='ocrx_word' id='word_1_155' title='bbox 807 2103 914 2161; x_wconf 91' lang='lat' dir='ltr'>similia</span> <span class='ocrx_word' id='word_1_156' title='bbox 922 2103 1137 2176; x_wconf 88' lang='lat' dir='ltr'>oblectamenta,</span> <span class='ocrx_word' id='word_1_157' title='bbox 1148 2105 1177 2162; x_wconf 91' lang='lat' dir='ltr'>et</span> <span class='ocrx_word' id='word_1_158' title='bbox 1187 2103 1219 2162; x_wconf 89' lang='lat' dir='ltr'>in</span> <span class='ocrx_word' id='word_1_159' title='bbox 1228 2104 1346 2176; x_wconf 91' lang='lat' dir='ltr'>utraque</span> 
     </span>
     <span class='ocr_line' id='line_1_19' title="bbox 240 2199 1347 2274; baseline 0.003 -18"><span class='ocrx_word' id='word_1_160' title='bbox 240 2199 305 2272; x_wconf 85' lang='lat' dir='ltr'>ripa</span> <span class='ocrx_word' id='word_1_161' title='bbox 333 2199 361 2258; x_wconf 91' lang='lat' dir='ltr'>et</span> <span class='ocrx_word' id='word_1_162' title='bbox 389 2200 420 2258; x_wconf 90' lang='lat' dir='ltr'>in</span> <span class='ocrx_word' id='word_1_163' title='bbox 447 2199 562 2259; x_wconf 92' lang='lat' dir='ltr'>flumine</span> <span class='ocrx_word' id='word_1_164' title='bbox 589 2199 659 2258; x_wconf 82' lang='lat' dir='ltr'>facti</span> <span class='ocrx_word' id='word_1_165' title='bbox 686 2199 753 2258; x_wconf 90' lang='lat' dir='ltr'>sint.</span> <span class='ocrx_word' id='word_1_166' title='bbox 796 2201 883 2258; x_wconf 84' lang='lat' dir='ltr'>Miror</span> <span class='ocrx_word' id='word_1_167' title='bbox 903 2217 982 2272; x_wconf 87' lang='lat' dir='ltr'>sune,</span> <span class='ocrx_word' id='word_1_168' title='bbox 1010 2201 1084 2274; x_wconf 90' lang='lat' dir='ltr'>qnod</span> <span class='ocrx_word' id='word_1_169' title='bbox 1105 2201 1258 2260; x_wconf 84' lang='lat' dir='ltr'>blerlrelius</span> <span class='ocrx_word' id='word_1_170' title='bbox 1279 2201 1347 2259; x_wconf 86' lang='lat' dir='ltr'>haec</span> 
     </span>
     <span class='ocr_line' id='line_1_20' title="bbox 238 2297 1346 2373; baseline 0.001 -19"><span class='ocrx_word' id='word_1_171' title='bbox 238 2313 349 2371; x_wconf 87' lang='lat' dir='ltr'>quoque</span> <span class='ocrx_word' id='word_1_172' title='bbox 363 2297 437 2356; x_wconf 88' lang='lat' dir='ltr'>levia</span> <span class='ocrx_word' id='word_1_173' title='bbox 451 2299 513 2357; x_wconf 86' lang='lat' dir='ltr'>esse</span> <span class='ocrx_word' id='word_1_174' title='bbox 524 2298 649 2373; x_wconf 86' lang='lat' dir='ltr'>negavit,</span> <span class='ocrx_word' id='word_1_175' title='bbox 664 2313 736 2373; x_wconf 88' lang='lat' dir='ltr'>qnae</span> <span class='ocrx_word' id='word_1_176' title='bbox 751 2315 801 2358; x_wconf 89' lang='lat' dir='ltr'>suo</span> <span class='ocrx_word' id='word_1_177' title='bbox 816 2299 875 2356; x_wconf 89' lang='lat' dir='ltr'>iure</span> <span class='ocrx_word' id='word_1_178' title='bbox 886 2298 1049 2357; x_wconf 90' lang='lat' dir='ltr'>Huelsenus</span> <span class='ocrx_word' id='word_1_179' title='bbox 1063 2299 1178 2358; x_wconf 90' lang='lat' dir='ltr'>silentio</span> <span class='ocrx_word' id='word_1_180' title='bbox 1193 2298 1346 2372; x_wconf 90' lang='lat' dir='ltr'>praeteriit.</span> 
     </span>
    </p>

    <p class='ocr_par' dir='ltr' id='par_1_5' title="bbox 235 2394 1462 3845">
     <span class='ocr_line' id='line_1_21' title="bbox 317 2394 1345 2470; baseline 0.002 -18"><span class='ocrx_word' id='word_1_181' title='bbox 317 2394 372 2452; x_wconf 89' lang='lat' dir='ltr'>Sed</span> <span class='ocrx_word' id='word_1_182' title='bbox 392 2395 555 2455; x_wconf 88' lang='lat' dir='ltr'>Huelsenus</span> <span class='ocrx_word' id='word_1_183' title='bbox 587 2411 699 2470; x_wconf 92' lang='lat' dir='ltr'>quoque</span> <span class='ocrx_word' id='word_1_184' title='bbox 729 2396 802 2454; x_wconf 89' lang='lat' dir='ltr'>locis</span> <span class='ocrx_word' id='word_1_185' title='bbox 833 2397 929 2468; x_wconf 90' lang='lat' dir='ltr'>utitur,</span> <span class='ocrx_word' id='word_1_186' title='bbox 960 2413 975 2454; x_wconf 95' lang='lat' dir='ltr'>e</span> <span class='ocrx_word' id='word_1_187' title='bbox 1006 2396 1108 2470; x_wconf 89' lang='lat' dir='ltr'>quibus</span> <span class='ocrx_word' id='word_1_188' title='bbox 1138 2413 1202 2456; x_wconf 89' lang='lat' dir='ltr'>mea</span> <span class='ocrx_word' id='word_1_189' title='bbox 1233 2397 1345 2470; x_wconf 88' lang='lat' dir='ltr'>quidem</span> 
     </span>
     <span class='ocr_line' id='line_1_22' title="bbox 235 2493 1347 2566; baseline -0.001 -15"><span class='ocrx_word' id='word_1_190' title='bbox 235 2493 379 2551; x_wconf 85' lang='lat' dir='ltr'>sententia</span> <span class='ocrx_word' id='word_1_191' title='bbox 399 2493 473 2551; x_wconf 88' lang='lat' dir='ltr'>nihil</span> <span class='ocrx_word' id='word_1_192' title='bbox 494 2493 531 2552; x_wconf 93' lang='lat' dir='ltr'>ad</span> <span class='ocrx_word' id='word_1_193' title='bbox 551 2510 609 2552; x_wconf 90' lang='lat' dir='ltr'>rem</span> <span class='ocrx_word' id='word_1_194' title='bbox 630 2493 760 2552; x_wconf 77' lang='lat' dir='ltr'>efficitur.</span> <span class='ocrx_word' id='word_1_195' title='bbox 801 2493 915 2552; x_wconf 83' lang='lat' dir='ltr'>Etenim</span> <span class='ocrx_word' id='word_1_196' title='bbox 930 2511 948 2552; x_wconf 91' lang='lat' dir='ltr'>a</span> <span class='ocrx_word' id='word_1_197' title='bbox 961 2495 1055 2566; x_wconf 79' lang='lat' dir='ltr'>Festo,</span> <span class='ocrx_word' id='word_1_198' title='bbox 1070 2511 1133 2554; x_wconf 93' lang='lat' dir='ltr'>cum</span> <span class='ocrx_word' id='word_1_199' title='bbox 1146 2510 1175 2566; x_wconf 94' lang='lat' dir='ltr'>p.</span> <span class='ocrx_word' id='word_1_200' title='bbox 1187 2494 1246 2551; x_wconf 89' lang='grc'>242</span> <span class='ocrx_word' id='word_1_201' title='bbox 1264 2493 1347 2552; x_wconf 88' lang='lat' dir='ltr'>dicit:</span> 
     </span>
     <span class='ocr_line' id='line_1_23' title="bbox 237 2590 1345 2669; baseline 0 -20"><span class='ocrx_word' id='word_1_202' title='bbox 237 2591 406 2650; x_wconf 82' lang='lat' dir='ltr'>‘Pudicitiae</span> <span class='ocrx_word' id='word_1_203' title='bbox 427 2591 542 2666; x_wconf 84' lang='lat' dir='ltr'>signum</span> <span class='ocrx_word' id='word_1_204' title='bbox 562 2591 593 2649; x_wconf 93' lang='lat' dir='ltr'>in</span> <span class='ocrx_word' id='word_1_205' title='bbox 614 2590 674 2650; x_wconf 86' lang='lat' dir='ltr'>foro</span> <span class='ocrx_word' id='word_1_206' title='bbox 688 2591 809 2650; x_wconf 83' lang='lat' dir='ltr'>Bovario</span> <span class='ocrx_word' id='word_1_207' title='bbox 831 2592 882 2662; x_wconf 72' lang='lat' dir='ltr'>est,</span> <span class='ocrx_word' id='word_1_208' title='bbox 902 2591 951 2649; x_wconf 91' lang='lat' dir='ltr'>nbi</span> <span class='ocrx_word' id='word_1_209' title='bbox 965 2590 1117 2650; x_wconf 87' lang='lat' dir='ltr'>familiana</span> <span class='ocrx_word' id='word_1_210' title='bbox 1131 2591 1256 2650; x_wconf 86' lang='lat' dir='ltr'>aedisset</span> <span class='ocrx_word' id='word_1_211' title='bbox 1278 2591 1345 2669; x_wconf 88' lang='lat' dir='ltr'>(scr.</span> 
     </span>
     <span class='ocr_line' id='line_1_24' title="bbox 238 2687 1343 2764; baseline 0 -16"><span class='ocrx_word' id='word_1_212' title='bbox 238 2689 401 2748; x_wconf 85' lang='lat' dir='ltr'>Aemiliana</span> <span class='ocrx_word' id='word_1_213' title='bbox 410 2689 490 2748; x_wconf 90' lang='lat' dir='ltr'>aedis</span> <span class='ocrx_word' id='word_1_214' title='bbox 501 2687 561 2764; x_wconf 85' lang='lat' dir='ltr'>est)</span> <span class='ocrx_word' id='word_1_215' title='bbox 571 2689 712 2747; x_wconf 88' lang='lat' dir='ltr'>Herculis.</span> <span class='ocrx_word' id='word_1_216' title='bbox 724 2706 786 2746; x_wconf 89' lang='lat' dir='ltr'>eam</span> <span class='ocrx_word' id='word_1_217' title='bbox 797 2688 912 2762; x_wconf 86' lang='lat' dir='ltr'>quidam</span> <span class='ocrx_word' id='word_1_218' title='bbox 927 2689 1069 2749; x_wconf 81' lang='lat' dir='ltr'>Fortunae</span> <span class='ocrx_word' id='word_1_219' title='bbox 1087 2705 1149 2748; x_wconf 91' lang='lat' dir='ltr'>esse</span> <span class='ocrx_word' id='word_1_220' title='bbox 1161 2687 1343 2748; x_wconf 85' lang='lat' dir='ltr'>existimant&#39;</span> 
     </span>
     <span class='ocr_line' id='line_1_25' title="bbox 238 2784 1347 2867; baseline 0 -22"><span class='ocrx_word' id='word_1_221' title='bbox 238 2801 296 2845; x_wconf 90' lang='lat' dir='ltr'>non</span> <span class='ocrx_word' id='word_1_222' title='bbox 328 2787 508 2846; x_wconf 88' lang='lat' dir='ltr'>‘sententiam</span> <span class='ocrx_word' id='word_1_223' title='bbox 539 2786 636 2860; x_wconf 88' lang='lat' dir='ltr'>paullo</span> <span class='ocrx_word' id='word_1_224' title='bbox 668 2786 815 2844; x_wconf 88' lang='lat' dir='ltr'>diversam’</span> <span class='ocrx_word' id='word_1_225' title='bbox 836 2787 872 2844; x_wconf 93' lang='lat' dir='ltr'>ab</span> <span class='ocrx_word' id='word_1_226' title='bbox 899 2787 1001 2846; x_wconf 84' lang='lat' dir='ltr'>Ouidio</span> <span class='ocrx_word' id='word_1_227' title='bbox 1028 2784 1084 2862; x_wconf 87' lang='lat' dir='ltr'>(VI</span> <span class='ocrx_word' id='word_1_228' title='bbox 1110 2789 1168 2847; x_wconf 83' lang='lat'>569</span> <span class='ocrx_word' id='word_1_229' title='bbox 1196 2789 1287 2867; x_wconf 83' lang='lat' dir='ltr'>sqq),</span> <span class='ocrx_word' id='word_1_230' title='bbox 1316 2787 1347 2846; x_wconf 87' lang='lat' dir='ltr'>ut</span> 
     </span>
     <span class='ocr_line' id='line_1_26' title="bbox 236 2884 1347 2962; baseline 0.001 -19"><span class='ocrx_word' id='word_1_231' title='bbox 236 2885 398 2944; x_wconf 89' lang='lat' dir='ltr'>Huelsenus</span> <span class='ocrx_word' id='word_1_232' title='bbox 419 2885 480 2944; x_wconf 87' lang='lat' dir='ltr'>vult</span> <span class='ocrx_word' id='word_1_233' title='bbox 500 2885 534 2962; x_wconf 89' lang='lat' dir='ltr'>(l.</span> <span class='ocrx_word' id='word_1_234' title='bbox 559 2901 583 2943; x_wconf 93' lang='lat' dir='ltr'>c.</span> <span class='ocrx_word' id='word_1_235' title='bbox 604 2901 633 2956; x_wconf 88' lang='lat' dir='ltr'>p.</span> <span class='ocrx_word' id='word_1_236' title='bbox 654 2884 701 2942; x_wconf 87' lang='grc'>44.</span> <span class='ocrx_word' id='word_1_237' title='bbox 726 2885 773 2957; x_wconf 88' lang='grc'>6.),</span> <span class='ocrx_word' id='word_1_238' title='bbox 795 2884 846 2942; x_wconf 88' lang='lat' dir='ltr'>sed</span> <span class='ocrx_word' id='word_1_239' title='bbox 865 2885 952 2958; x_wconf 88' lang='lat' dir='ltr'>plane</span> <span class='ocrx_word' id='word_1_240' title='bbox 974 2885 1092 2943; x_wconf 89' lang='lat' dir='ltr'>eandem</span> <span class='ocrx_word' id='word_1_241' title='bbox 1113 2887 1198 2958; x_wconf 86' lang='lat' dir='ltr'>atque</span> <span class='ocrx_word' id='word_1_242' title='bbox 1226 2887 1347 2960; x_wconf 82' lang='lat' dir='ltr'>aposta</span> 
     </span>
     <span class='ocr_line' id='line_1_27' title="bbox 236 2981 1347 3057; baseline 0.001 -16"><span class='ocrx_word' id='word_1_243' title='bbox 236 2985 327 3057; x_wconf 89' lang='lat' dir='ltr'>promi</span> <span class='ocrx_word' id='word_1_244' title='bbox 357 2985 402 3043; x_wconf 84' lang='lat' dir='ltr'>rel</span> <span class='ocrx_word' id='word_1_245' title='bbox 432 2983 528 3057; x_wconf 91' lang='lat' dir='ltr'>potius</span> <span class='ocrx_word' id='word_1_246' title='bbox 549 2982 670 3042; x_wconf 79' lang='lat' dir='ltr'>breviter</span> <span class='ocrx_word' id='word_1_247' title='bbox 689 2981 844 3056; x_wconf 79' lang='lat' dir='ltr'>perstringi</span> <span class='ocrx_word' id='word_1_248' title='bbox 864 2983 982 3042; x_wconf 88' lang='lat' dir='ltr'>ridetur.</span> <span class='ocrx_word' id='word_1_249' title='bbox 1031 2983 1075 3042; x_wconf 90' lang='lat' dir='ltr'>De</span> <span class='ocrx_word' id='word_1_250' title='bbox 1096 2983 1162 3042; x_wconf 86' lang='lat' dir='ltr'>aliis</span> <span class='ocrx_word' id='word_1_251' title='bbox 1183 2983 1240 3042; x_wconf 86' lang='lat' dir='ltr'>ianr</span> <span class='ocrx_word' id='word_1_252' title='bbox 1262 2985 1347 3043; x_wconf 87' lang='lat' dir='ltr'>antea</span> 
     </span>
     <span class='ocr_line' id='line_1_28' title="bbox 236 3080 1345 3154; baseline 0.002 -16"><span class='ocrx_word' id='word_1_253' title='bbox 236 3081 343 3139; x_wconf 89' lang='lat' dir='ltr'>dictum</span> <span class='ocrx_word' id='word_1_254' title='bbox 364 3081 415 3140; x_wconf 91' lang='lat' dir='ltr'>est.</span> <span class='ocrx_word' id='word_1_255' title='bbox 456 3080 512 3139; x_wconf 86' lang='lat' dir='ltr'>Sed</span> <span class='ocrx_word' id='word_1_256' title='bbox 532 3080 586 3140; x_wconf 94' lang='lat' dir='ltr'>dno</span> <span class='ocrx_word' id='word_1_257' title='bbox 607 3081 724 3152; x_wconf 81' lang='lat' dir='ltr'>restant,</span> <span class='ocrx_word' id='word_1_258' title='bbox 750 3081 906 3154; x_wconf 82' lang='lat' dir='ltr'>exquibus</span> <span class='ocrx_word' id='word_1_259' title='bbox 930 3082 959 3139; x_wconf 87' lang='lat' dir='ltr'>et</span> <span class='ocrx_word' id='word_1_260' title='bbox 984 3081 1121 3140; x_wconf 83' lang='lat' dir='ltr'>Merkelio</span> <span class='ocrx_word' id='word_1_261' title='bbox 1149 3083 1177 3139; x_wconf 87' lang='lat' dir='ltr'>et</span> <span class='ocrx_word' id='word_1_262' title='bbox 1200 3082 1345 3140; x_wconf 89' lang='lat' dir='ltr'>Huelseno</span> 
     </span>
     <span class='ocr_line' id='line_1_29' title="bbox 235 3177 1345 3252; baseline 0 -14"><span class='ocrx_word' id='word_1_263' title='bbox 235 3179 389 3238; x_wconf 86' lang='lat' dir='ltr'>uerisimile</span> <span class='ocrx_word' id='word_1_264' title='bbox 406 3178 555 3238; x_wconf 86' lang='lat' dir='ltr'>videbatur</span> <span class='ocrx_word' id='word_1_265' title='bbox 564 3178 692 3238; x_wconf 86' lang='lat' dir='ltr'>Verrium</span> <span class='ocrx_word' id='word_1_266' title='bbox 708 3178 744 3236; x_wconf 92' lang='lat' dir='ltr'>ab</span> <span class='ocrx_word' id='word_1_267' title='bbox 763 3177 863 3238; x_wconf 83' lang='lat' dir='ltr'>Ouidio</span> <span class='ocrx_word' id='word_1_268' title='bbox 874 3195 933 3238; x_wconf 91' lang='lat' dir='ltr'>non</span> <span class='ocrx_word' id='word_1_269' title='bbox 950 3195 1013 3237; x_wconf 91' lang='lat' dir='ltr'>esse</span> <span class='ocrx_word' id='word_1_270' title='bbox 1031 3178 1199 3252; x_wconf 86' lang='lat' dir='ltr'>inspectum.</span> <span class='ocrx_word' id='word_1_271' title='bbox 1223 3180 1345 3250; x_wconf 77' lang='lat' dir='ltr'>Quorum</span> 
     </span>
     <span class='ocr_line' id='line_1_30' title="bbox 236 3274 1343 3353; baseline -0.001 -16"><span class='ocrx_word' id='word_1_272' title='bbox 236 3279 308 3337; x_wconf 85' lang='lat' dir='ltr'>alter</span> <span class='ocrx_word' id='word_1_273' title='bbox 320 3278 346 3336; x_wconf 91' lang='lat' dir='ltr'>is</span> <span class='ocrx_word' id='word_1_274' title='bbox 358 3280 401 3336; x_wconf 87' lang='lat' dir='ltr'>est</span> <span class='ocrx_word' id='word_1_275' title='bbox 411 3278 501 3350; x_wconf 89' lang='lat' dir='ltr'>locus,</span> <span class='ocrx_word' id='word_1_276' title='bbox 516 3293 570 3351; x_wconf 90' lang='lat' dir='ltr'>quo</span> <span class='ocrx_word' id='word_1_277' title='bbox 582 3276 700 3336; x_wconf 85' lang='lat' dir='ltr'>Ovidius</span> <span class='ocrx_word' id='word_1_278' title='bbox 710 3274 750 3352; x_wconf 83' lang='lat' dir='ltr'>(V</span> <span class='ocrx_word' id='word_1_279' title='bbox 760 3278 819 3335; x_wconf 88' lang='grc'>287</span> <span class='ocrx_word' id='word_1_280' title='bbox 831 3276 912 3353; x_wconf 87' lang='lat' dir='ltr'>sqq.)</span> <span class='ocrx_word' id='word_1_281' title='bbox 928 3277 1031 3336; x_wconf 87' lang='lat' dir='ltr'>clivum</span> <span class='ocrx_word' id='word_1_282' title='bbox 1043 3276 1203 3336; x_wconf 90' lang='lat' dir='ltr'>Publicium</span> <span class='ocrx_word' id='word_1_283' title='bbox 1219 3277 1343 3338; x_wconf 90' lang='lat' dir='ltr'>aPubli-</span> 
     </span>
     <span class='ocr_line' id='line_1_31' title="bbox 236 3374 1344 3451; baseline 0.001 -16"><span class='ocrx_word' id='word_1_284' title='bbox 236 3376 290 3436; x_wconf 91' lang='lat' dir='ltr'>ciis</span> <span class='ocrx_word' id='word_1_285' title='bbox 312 3376 452 3435; x_wconf 87' lang='lat' dir='ltr'>aedilibus</span> <span class='ocrx_word' id='word_1_286' title='bbox 473 3375 603 3448; x_wconf 90' lang='lat' dir='ltr'>plebei,</span> <span class='ocrx_word' id='word_1_287' title='bbox 623 3374 737 3433; x_wconf 89' lang='lat' dir='ltr'>Verrius</span> <span class='ocrx_word' id='word_1_288' title='bbox 759 3375 845 3448; x_wconf 81' lang='lat' dir='ltr'>(Post.</span> <span class='ocrx_word' id='word_1_289' title='bbox 866 3393 895 3448; x_wconf 90' lang='lat' dir='ltr'>p.</span> <span class='ocrx_word' id='word_1_290' title='bbox 918 3374 993 3451; x_wconf 83' lang='lat'>238)</span> <span class='ocrx_word' id='word_1_291' title='bbox 1014 3393 1031 3433; x_wconf 88' lang='lat' dir='ltr'>a</span> <span class='ocrx_word' id='word_1_292' title='bbox 1057 3375 1246 3435; x_wconf 87' lang='lat' dir='ltr'>curulibus</span> <span class='ocrx_word' id='word_1_293' title='bbox 1268 3377 1344 3436; x_wconf 87' lang='lat' dir='ltr'>aedi-</span> 
     </span>
     <span class='ocr_line' id='line_1_32' title="bbox 238 3473 1346 3547; baseline 0.002 -15"><span class='ocrx_word' id='word_1_294' title='bbox 238 3475 353 3532; x_wconf 89' lang='lat' dir='ltr'>ficatum</span> <span class='ocrx_word' id='word_1_295' title='bbox 373 3489 436 3532; x_wconf 92' lang='lat' dir='ltr'>esse</span> <span class='ocrx_word' id='word_1_296' title='bbox 456 3475 581 3544; x_wconf 84' lang='lat' dir='ltr'>narrant,</span> <span class='ocrx_word' id='word_1_297' title='bbox 603 3490 687 3547; x_wconf 88' lang='lat' dir='ltr'>qnam</span> <span class='ocrx_word' id='word_1_298' title='bbox 700 3489 759 3530; x_wconf 93' lang='lat' dir='ltr'>rern</span> <span class='ocrx_word' id='word_1_299' title='bbox 783 3473 863 3531; x_wconf 88' lang='lat' dir='ltr'>‘satis</span> <span class='ocrx_word' id='word_1_300' title='bbox 884 3489 997 3546; x_wconf 86' lang='lat' dir='ltr'>gravem</span> <span class='ocrx_word' id='word_1_301' title='bbox 1012 3476 1040 3532; x_wconf 90' lang='lat' dir='ltr'>et</span> <span class='ocrx_word' id='word_1_302' title='bbox 1060 3474 1279 3534; x_wconf 86' lang='lat' dir='ltr'>memorabilem’</span> <span class='ocrx_word' id='word_1_303' title='bbox 1298 3477 1346 3534; x_wconf 85' lang='lat' dir='ltr'>aut</span> 
     </span>
     <span class='ocr_line' id='line_1_33' title="bbox 237 3570 1341 3647; baseline 0.004 -17"><span class='ocrx_word' id='word_1_304' title='bbox 237 3571 344 3647; x_wconf 84' lang='lat' dir='ltr'>‘magni</span> <span class='ocrx_word' id='word_1_305' title='bbox 364 3587 427 3630; x_wconf 90' lang='lat' dir='ltr'>osee</span> <span class='ocrx_word' id='word_1_306' title='bbox 448 3571 592 3631; x_wconf 87' lang='lat' dir='ltr'>momenti&#39;</span> <span class='ocrx_word' id='word_1_307' title='bbox 614 3571 684 3630; x_wconf 86' lang='lat' dir='ltr'>adeo</span> <span class='ocrx_word' id='word_1_308' title='bbox 709 3587 767 3629; x_wconf 94' lang='lat' dir='ltr'>non</span> <span class='ocrx_word' id='word_1_309' title='bbox 788 3570 894 3642; x_wconf 89' lang='lat' dir='ltr'>iudico,</span> <span class='ocrx_word' id='word_1_310' title='bbox 920 3573 952 3629; x_wconf 87' lang='lat' dir='ltr'>ut</span> <span class='ocrx_word' id='word_1_311' title='bbox 971 3571 1046 3631; x_wconf 89' lang='lat' dir='ltr'>nibil</span> <span class='ocrx_word' id='word_1_312' title='bbox 1067 3571 1160 3630; x_wconf 88' lang='lat' dir='ltr'>dicem</span> <span class='ocrx_word' id='word_1_313' title='bbox 1181 3575 1280 3632; x_wconf 90' lang='lat' dir='ltr'>contra</span> <span class='ocrx_word' id='word_1_314' title='bbox 1301 3591 1341 3646; x_wconf 76' lang='lat' dir='ltr'>es,</span> 
     </span>
     <span class='ocr_line' id='line_1_34' title="bbox 237 3651 1462 3746; baseline 0.007 -18"><span class='ocrx_word' id='word_1_315' title='bbox 237 3687 309 3744; x_wconf 89' lang='lat' dir='ltr'>quae</span> <span class='ocrx_word' id='word_1_316' title='bbox 339 3667 406 3728; x_wconf 90' lang='lat' dir='ltr'>inde</span> <span class='ocrx_word' id='word_1_317' title='bbox 436 3669 489 3728; x_wconf 89' lang='lat' dir='ltr'>riri</span> <span class='ocrx_word' id='word_1_318' title='bbox 520 3669 596 3728; x_wconf 91' lang='lat' dir='ltr'>docti</span> <span class='ocrx_word' id='word_1_319' title='bbox 627 3668 778 3744; x_wconf 84' lang='lat' dir='ltr'>‘sagaciter</span> <span class='ocrx_word' id='word_1_320' title='bbox 803 3670 1020 3730; x_wconf 78' lang='lat' dir='ltr'>concluserunt.</span> <span class='ocrx_word' id='word_1_321' title='bbox 1063 3669 1194 3746; x_wconf 87' lang='lat' dir='ltr'>(Merkel.</span> <span class='ocrx_word' id='word_1_322' title='bbox 1215 3690 1243 3745; x_wconf 92' lang='lat' dir='ltr'>p.</span> <span class='ocrx_word' id='word_1_323' title='bbox 1269 3672 1342 3742; x_wconf 80' lang='lat'>0111,</span> <span class='ocrx_word' id='word_1_324' title='bbox 1461 3651 1462 3736; x_wconf 58' lang='grc' dir='ltr'><strong>Ῠ</strong></span> 
     </span>
     <span class='ocr_line' id='line_1_35' title="bbox 236 3753 1462 3845; baseline 0.001 -20"><span class='ocrx_word' id='word_1_325' title='bbox 236 3767 373 3826; x_wconf 88' lang='lat' dir='ltr'>Huelsen.</span> <span class='ocrx_word' id='word_1_326' title='bbox 384 3785 412 3842; x_wconf 91' lang='lat' dir='ltr'>p.</span> <span class='ocrx_word' id='word_1_327' title='bbox 422 3767 517 3845; x_wconf 66' lang='grc'>434.)</span> <span class='ocrx_word' id='word_1_328' title='bbox 527 3799 565 3810; x_wconf 83' lang='grc'>-·</span> <span class='ocrx_word' id='word_1_329' title='bbox 577 3767 674 3826; x_wconf 83' lang='lat' dir='ltr'>Altero</span> <span class='ocrx_word' id='word_1_330' title='bbox 686 3766 780 3840; x_wconf 79' lang='lat' dir='ltr'>agitur</span> <span class='ocrx_word' id='word_1_331' title='bbox 794 3767 828 3824; x_wconf 91' lang='lat' dir='ltr'>de</span> <span class='ocrx_word' id='word_1_332' title='bbox 841 3768 953 3843; x_wconf 82' lang='lat' dir='ltr'>Argois,</span> <span class='ocrx_word' id='word_1_333' title='bbox 968 3767 1117 3842; x_wconf 90' lang='lat' dir='ltr'>dequibus</span> <span class='ocrx_word' id='word_1_334' title='bbox 1131 3768 1233 3828; x_wconf 81' lang='lat' dir='ltr'>Festos</span> <span class='ocrx_word' id='word_1_335' title='bbox 1243 3786 1273 3842; x_wconf 90' lang='lat' dir='ltr'>p.</span> <span class='ocrx_word' id='word_1_336' title='bbox 1288 3769 1344 3828; x_wconf 83' lang='lat'>334</span> <span class='ocrx_word' id='word_1_337' title='bbox 1461 3753 1462 3766; x_wconf 43' lang='lat'>¹</span> 
     </span>
    </p>
   </div>
   <div class='ocr_carea' id='block_1_4' title="bbox 235 3861 1462 3940">
    <p class='ocr_par' dir='ltr' id='par_1_6' title="bbox 235 3861 1462 3940">
     <span class='ocr_line' id='line_1_36' title="bbox 235 3861 1462 3940; baseline 0 -16"><span class='ocrx_word' id='word_1_338' title='bbox 235 3866 334 3924; x_wconf 91' lang='lat' dir='ltr'>multis</span> <span class='ocrx_word' id='word_1_339' title='bbox 344 3867 446 3938; x_wconf 89' lang='lat' dir='ltr'>verbis,</span> <span class='ocrx_word' id='word_1_340' title='bbox 467 3866 585 3925; x_wconf 88' lang='lat' dir='ltr'>Ovidius</span> <span class='ocrx_word' id='word_1_341' title='bbox 599 3864 624 3924; x_wconf 88' lang='lat' dir='ltr'><strong>V</strong></span> <span class='ocrx_word' id='word_1_342' title='bbox 639 3865 796 3922; x_wconf 87' lang='grc'>621-662</span> <span class='ocrx_word' id='word_1_343' title='bbox 808 3861 930 3924; x_wconf 90' lang='lat' dir='ltr'>disserit.</span> <span class='ocrx_word' id='word_1_344' title='bbox 953 3866 1008 3926; x_wconf 87' lang='lat' dir='ltr'>Sed</span> <span class='ocrx_word' id='word_1_345' title='bbox 1022 3866 1188 3940; x_wconf 90' lang='lat' dir='ltr'>prinsquam</span> <span class='ocrx_word' id='word_1_346' title='bbox 1200 3867 1253 3926; x_wconf 88' lang='lat' dir='ltr'>hos</span> <span class='ocrx_word' id='word_1_347' title='bbox 1268 3868 1344 3927; x_wconf 90' lang='lat' dir='ltr'>locos</span> <span class='ocrx_word' id='word_1_348' title='bbox 1461 3869 1462 3924; x_wconf 62' lang='lat' dir='ltr'>i</span> 
     </span>
    </p>
   </div>
   <div class='ocr_carea' id='block_1_5' title="bbox 236 3962 1279 4237">
    <p class='ocr_par' dir='ltr' id='par_1_7' title="bbox 236 3962 1279 4237">
     <span class='ocr_line' id='line_1_37' title="bbox 236 3962 1279 4038; baseline 0.002 -16"><span class='ocrx_word' id='word_1_349' title='bbox 236 3963 395 4024; x_wconf 89' lang='lat' dir='ltr'>accuratius</span> <span class='ocrx_word' id='word_1_350' title='bbox 416 3964 592 4036; x_wconf 85' lang='lat' dir='ltr'>conferimus,</span> <span class='ocrx_word' id='word_1_351' title='bbox 612 3963 684 4022; x_wconf 91' lang='lat' dir='ltr'>haec</span> <span class='ocrx_word' id='word_1_352' title='bbox 703 3962 784 4021; x_wconf 90' lang='lat' dir='ltr'>lubet</span> <span class='ocrx_word' id='word_1_353' title='bbox 803 3962 882 4021; x_wconf 82' lang='lat' dir='ltr'>iuxta</span> <span class='ocrx_word' id='word_1_354' title='bbox 900 3979 1019 4037; x_wconf 88' lang='lat' dir='ltr'>ponere:</span> <span class='ocrx_word' id='word_1_355' title='bbox 1039 3963 1089 4023; x_wconf 88' lang='lat' dir='ltr'>Or.</span> <span class='ocrx_word' id='word_1_356' title='bbox 1112 3964 1137 4023; x_wconf 89' lang='lat' dir='ltr'>V</span> <span class='ocrx_word' id='word_1_357' title='bbox 1158 3966 1214 4023; x_wconf 91' lang='grc'>621</span> <span class='ocrx_word' id='word_1_358' title='bbox 1237 3982 1279 4038; x_wconf 90' lang='lat' dir='ltr'>sq.</span> 
     </span>
     <span class='ocr_line' id='line_1_38' title="bbox 395 4061 1178 4137; baseline 0.001 -16"><span class='ocrx_word' id='word_1_359' title='bbox 395 4063 467 4122; x_wconf 80' lang='lat' dir='ltr'>Tum</span> <span class='ocrx_word' id='word_1_360' title='bbox 488 4079 599 4137; x_wconf 89' lang='lat' dir='ltr'>quoqne</span> <span class='ocrx_word' id='word_1_361' title='bbox 619 4061 774 4136; x_wconf 89' lang='lat' dir='ltr'>priscorum</span> <span class='ocrx_word' id='word_1_362' title='bbox 795 4061 873 4136; x_wconf 86' lang='lat' dir='ltr'>virgo</span> <span class='ocrx_word' id='word_1_363' title='bbox 888 4062 1040 4122; x_wconf 87' lang='lat' dir='ltr'>simulacra</span> <span class='ocrx_word' id='word_1_364' title='bbox 1057 4063 1178 4122; x_wconf 83' lang='lat' dir='ltr'>virorum</span> 
     </span>
     <span class='ocr_line' id='line_1_39' title="bbox 448 4159 1028 4237; baseline -0.002 -15"><span class='ocrx_word' id='word_1_365' title='bbox 448 4159 558 4222; x_wconf 87' lang='lat' dir='ltr'>mittere</span> <span class='ocrx_word' id='word_1_366' title='bbox 579 4161 694 4223; x_wconf 90' lang='lat' dir='ltr'>roboreo</span> <span class='ocrx_word' id='word_1_367' title='bbox 716 4160 827 4237; x_wconf 90' lang='lat' dir='ltr'>scirpea</span> <span class='ocrx_word' id='word_1_368' title='bbox 847 4161 933 4236; x_wconf 89' lang='lat' dir='ltr'>ponto</span> <span class='ocrx_word' id='word_1_369' title='bbox 948 4161 1028 4222; x_wconf 89' lang='lat' dir='ltr'>solet.</span> 
     </span>
    </p>
   </div>
   <div class='ocr_carea' id='block_1_6' title="bbox 0 0 1502 4816">
    <p class='ocr_par' dir='ltr' id='par_1_8' title="bbox 0 0 1502 4816">
     <span class='ocr_line' id='line_1_40' title="bbox 0 0 1502 4816; baseline 0 0"><span class='ocrx_word' id='word_1_370' title='bbox 0 0 1502 4816; x_wconf 95' lang='lat' dir='ltr'> </span> 
     </span>
    </p>
   </div>
  </div>
 </body>
</html>
