2994 4816
662 369 877 430 „25-

211 544 325 600 tantum
345 543 438 614 huius,
459 543 493 600 de
515 560 569 616 quo
584 542 704 616 agimus,
725 545 809 602 notae
828 542 953 600 carmine
974 559 1024 600 suo
1039 541 1190 600 laudaret?
1220 541 1250 600 Si
1264 559 1327 600 vero

212 639 289 697 banc
310 657 424 698 oausam
449 640 529 713 parvi
553 642 603 698 aut
621 641 706 699 nihili
728 641 868 712 aestimes
888 641 942 698 hoc
963 641 1037 698 certe
1059 639 1198 698 concedas
1215 641 1328 712 poetam

209 737 319 810 optime
339 738 396 796 sibi
417 738 601 809 consuluisse,
623 755 686 796 cum
706 755 765 796 non
783 755 881 796 omnes
900 738 1081 812 Robigalium
1102 737 1328 807 consuetudines,

214 835 265 892 sed
278 851 376 908 preces
391 836 485 908 potius
506 836 631 894 flaminis
651 837 805 910 elegiarum
826 837 911 909 poeta
930 835 1116 910 dignissimas
1137 835 1257 892 carmini
1278 839 1328 893 suo

214 932 351 990 insereret
365 931 424 1009 (vv.
439 932 622 1010 all-932).
641 934 722 1004 Quod
736 933 762 991 si
777 933 841 1007 quis
852 935 934 1006 putet
944 967 982 975 —
993 933 1024 991 id
1039 933 1114 1006 quod
1128 933 1257 1006 equidem
1269 949 1329 992 non

211 1029 335 1088 arbitrer
350 1063 387 1072 -·
403 1047 443 1098 ea,
459 1047 530 1104 quae
550 1033 584 1090 de
599 1050 629 1091 se
649 1033 680 1090 in
705 1031 857 1106 Robiginis
875 1032 939 1089 luco
961 1033 1110 1104 praesente
1127 1031 1205 1089 Naso
1225 1031 1330 1100 narrat,

209 1145 243 1186 ro
259 1147 323 1186 vera
333 1129 374 1186 ita
385 1146 441 1188 non
458 1131 607 1203 accidisse,
623 1131 670 1188 sed
690 1131 725 1190 ab
741 1148 773 1188 eo
788 1131 943 1188 secundum
953 1130 1099 1202 poetamm
1110 1131 1154 1186 ius
1169 1145 1329 1202 moremque

214 1227 331 1284 inventa
352 1243 427 1284 esse:
448 1229 523 1301 quod
542 1229 576 1285 de
597 1245 699 1286 canum
713 1227 851 1286 sacrificio
865 1228 954 1285 tradit
969 1229 1022 1301 (vv.
1039 1228 1097 1284 908
1112 1228 1140 1284 et
1154 1229 1211 1284 936
1227 1225 1316 1302 sqq),

208 1325 240 1382 :si
254 1341 313 1382 non
328 1325 365 1383 ad
379 1325 469 1385 fastos
480 1326 579 1397 Verrii,
598 1327 629 1383 at
649 1328 722 1384 certe
742 1325 779 1384 ad
797 1326 921 1385 eiusdem
938 1341 1013 1398 opus
1029 1325 1062 1382 de
1076 1325 1223 1382 verborum
1238 1325 1331 1398 signi-

214 1421 347 1481 ficatione
361 1422 458 1481 referri
475 1425 578 1497 potest.
609 1424 750 1496 Scriptum
765 1423 840 1481 enim
852 1423 979 1481 videmus
994 1423 1070 1495 apud
1083 1423 1199 1480 Festum
1213 1439 1240 1495 p.
1256 1423 1330 1481 285:

208 1520 334 1578 ‘Rutilae
349 1537 443 1592 canes,
463 1521 492 1578 id
513 1523 555 1579 est
573 1539 631 1580 non
649 1521 749 1594 procul
766 1538 784 1578 a
801 1521 883 1579 rubro
905 1521 1005 1592 colore,
1026 1521 1214 1591 immolantur,
1235 1521 1268 1577 ut
1289 1520 1331 1578 ait

213 1619 314 1676 Ateius
333 1619 441 1691 Capito,
463 1619 577 1678 canario
597 1619 737 1677 sacrificio
756 1637 806 1692 pro
821 1618 951 1693 frugibus
966 1618 1163 1692 deprecandae
1178 1617 1315 1676 saevitiae

216 1732 305 1774 eausa
326 1717 428 1774 sideris
443 1715 608 1775 caniculae?
636 1715 689 1793 (of,
704 1716 825 1774 Paulum
843 1734 872 1790 p.
887 1718 925 1776 45
945 1734 967 1775 a.
983 1735 1009 1775 v.
1024 1716 1167 1774 Catulario
1180 1716 1329 1788 porta.)-

293 1867 348 1925 Sed
362 1868 552 1926 subsistamus
573 1867 719 1941 paulisper
733 1869 825 1942 atque,
844 1885 916 1941 quae
931 1869 1023 1927 adhuc
1038 1867 1221 1938 absolvimus,
1234 1865 1325 1939 respi-

210 1965 332 2024 ciamus.
366 1965 602 2038 comparantibus
617 1967 701 2026 nobis
717 1966 810 2024 Ovidii
831 1982 944 2024 carmen
965 1982 1027 2022 cum
1041 1965 1149 2023 tabulis
1163 1965 1276 2033 Praen,
1297 1963 1328 2020 in

208 2062 317 2134 quibus
332 2062 440 2120 dierum
453 2063 589 2122 laterculo
605 2065 633 2121 et
646 2066 738 2136 notas
761 2081 831 2138 quas
848 2081 881 2122 ex
895 2063 1019 2136 publicis
1034 2062 1118 2120 fastis
1133 2061 1279 2134 excerpsit,
1301 2062 1329 2117 et

212 2159 469 2233 interpretationes,
484 2178 555 2234 quas
570 2178 678 2220 exsuae
687 2162 831 2220 doctrinae
842 2162 974 2220 thesauro
985 2159 1132 2234 prompsit
1147 2159 1328 2217 doctissimus

211 2257 369 2316 Ouidianao
385 2259 487 2316 aetatis
501 2261 712 2332 grammaticae,
727 2261 842 2320 Verrius
856 2261 985 2332 Flaccus,
1008 2257 1126 2329 addidit,
1145 2257 1216 2314 haec
1229 2255 1328 2314 verisi-

212 2355 295 2413 milia
308 2355 490 2415 videbantur:

297 2464 320 2520 l.
334 2462 451 2520 Ovidius
470 2464 589 2524 cundem
609 2467 739 2524 notamm
759 2465 897 2523 delectum
915 2466 947 2522 in
965 2463 1089 2522 medium
1109 2461 1223 2534 profert,
1245 2475 1327 2534 quem

212 2560 328 2619 Verrius
343 2561 467 2634 praebet.

293 2660 321 2716 2.
333 2659 480 2732 Doctrina,
496 2677 552 2732 qua
564 2659 680 2717 Ovidius
694 2660 748 2717 has
763 2658 900 2718 fastorum
909 2659 1087 2733 publicorum
1098 2659 1181 2716 notas
1193 2657 1328 2726 illustrat,

210 2757 265 2813 aut
278 2757 340 2814 tota
354 2755 430 2813 inest
444 2757 475 2814 in
489 2756 574 2814 fastis
589 2756 690 2814 Praen.
707 2758 756 2814 aut
777 2757 814 2814 ad
832 2774 927 2816 eorum
948 2759 1089 2816 auctorem
1110 2755 1206 2814 referri
1225 2757 1328 2829 potest.

214 2853 336 2927 Reliqua
347 2854 437 2912 autin
449 2854 581 2912 omnibus
591 2871 681 2928 paene
692 2855 782 2926 libris,
798 2855 901 2928 quibus
913 2857 946 2914 de
958 2853 1179 2928 antiquitatibus
1191 2853 1326 2913 Romanis

208 2951 317 3026 agitur,
333 2953 489 3023 occurrunt,
504 2954 585 3010 aute
599 2953 698 3025 quovis
713 2953 839 3012 Romano
856 2954 980 3012 eiusdem
995 2952 1103 3010 ordinis
1118 2953 1146 3010 et
1159 2951 1327 3010 emditionis

212 3052 300 3123 atque
316 3049 434 3108 Ovidius
450 3049 516 3107 addi
530 3052 670 3123 poterant.

294 3146 370 3204 Num
384 3148 556 3220 praecipites
570 3148 735 3220 videbimur,
754 3145 782 3206 si
794 3165 871 3207 nunc
885 3149 951 3220 iam,
971 3149 1121 3222 postquam
1137 3163 1234 3205 omnes
1248 3147 1326 3205 locos

209 3243 374 3302 'tabularum
395 3244 496 3302 Praen.
514 3245 641 3319 integros
668 3247 838 3319 perscmtati
866 3263 970 3318 sumus,
997 3245 1167 3320 profitemur,
1196 3245 1265 3318 quid
1292 3245 1327 3302 de

212 3341 310 3402 Verrio
325 3342 428 3400 Flacco
444 3344 472 3400 et
485 3341 586 3401 Ouidio
600 3343 777 3404 iudicemus?

293 3457 406 3514 Etenim
420 3457 587 3516 incredibile
601 3475 671 3517 sane
686 3462 729 3518 est
740 3460 870 3518 Ovidium
880 3459 995 3520 omnino
1009 3459 1083 3516 nihil
1097 3459 1216 3517 scivisse
1231 3459 1265 3516 do
1278 3457 1325 3516 his

213 3555 297 3613 fastis
326 3555 361 3612 ab
390 3555 503 3628 aequali
530 3557 675 3629 praeclaro
703 3558 734 3615 in
761 3558 821 3617 foro
840 3555 1025 3615 Praenestino
1046 3556 1209 3629 publicatis,
1236 3571 1328 3628 neque

216 3652 384 3726 persuadere
410 3652 481 3709 mihi
505 3669 621 3725 possum
647 3656 701 3713 hoc
725 3672 807 3729 opere
831 3655 868 3713 ad
890 3655 978 3712 libros
1003 3653 1139 3712 fastomm
1164 3653 1327 3712 condendos

215 3749 371 3807 utilissimo
386 3767 603 3808 eumusumnon
617 3768 688 3823 esse,
702 3753 787 3811 immo
801 3753 905 3824 inutili,
920 3769 956 3810 ne
967 3751 1059 3810 dicam
1074 3769 1161 3826 prava
1175 3750 1326 3825 diligentia

215 3847 310 3919 ipsum
324 3848 417 3906 varios
432 3849 583 3908 multorum
597 3851 741 3910 auctomm
755 3850 844 3908 libros
859 3850 974 3920 adiisse,
994 3852 1026 3908 ut
1045 3849 1174 3907 tabulam
1190 3848 1325 3908 tastomm

214 3945 315 4003 Praon.
331 3945 505 4004 simillimam
519 3946 576 4004 sibi
598 3948 790 4006 concinnaret.
829 3948 999 4008 Habebatne
1020 3947 1109 4021 igitur
1129 3949 1286 4021 exemplum
1311 3965 1326 4006 e

214 4041 299 4100 fastis
313 4043 466 4101 Praeneste
482 4044 628 4104 collocatis
643 4045 836 4119 descriptum?
865 4046 959 4104 Paene
973 4047 1031 4104 tale
1052 4045 1121 4118 quid
1135 4045 1253 4117 conieci,
1276 4045 1325 4103 sed

211 4142 308 4198 tamen
324 4139 506 4213 simplicioris
518 4142 603 4200 ctiam
618 4143 736 4217 ideoque
747 4142 873 4203 melioris
883 4143 924 4202 rei
935 4143 1018 4202 fidem
1030 4143 1090 4202 fieri
1101 4160 1185 4217 posse
1196 4145 1323 4206 arbitror.
