2994 4816
618 349 835 411 „21-

163 524 324 583 doctrinam
346 525 471 598 sapiunt,
492 525 635 599 leguntur.
676 525 719 582 ldx
743 525 789 582 his
812 525 945 597 quattuor
972 523 1046 594 illos,
1075 524 1176 597 quiin
1198 524 1281 584 fastis

164 623 268 681 Praen.
291 623 397 696 integri
418 623 522 681 servati
543 625 619 694 sunt,
640 639 704 680 cum
717 622 826 681 ἱ0111111
848 638 1050 695 comparemus

249 721 273 777 l'.
287 721 329 778 Ac
343 721 466 793 primum
481 720 607 793 quidem,
622 737 694 792 quae
709 721 746 776 ad
759 722 828 792 Apr.
848 721 872 778 l.
885 719 953 777 fasti
960 720 1062 778 Praen.
1077 719 1119 776 ita
1132 721 1281 793 praebent:

137 801 139 810 Α
417 819 591 890 Frequenter
611 819 743 876 mulieres
765 819 932 890 supplicant

415 915 557 974 Fortunae
579 915 663 972 Virili
683 915 849 973 humiliores
871 916 958 974 etiam

417 1013 448 1070 in
468 1013 602 1084 balineis,
624 1012 698 1085 quod
719 1013 750 1070 in
772 1013 808 1070 iis
831 1031 864 1070 ea
885 1015 964 1085 parte
986 1012 1137 1090 corporlis]

415 1111 514 1183 utique
534 1111 588 1168 viri
610 1112 761 1181 nudantur,
784 1128 839 1183 qua
859 1111 1028 1169 feminarum

415 1209 509 1280 gratia
530 1209 712 1266 desideratur.
1238 1271 1241 1278 ,

168 1304 313 1377 copiosius
325 1307 475 1364 occurrunt
483 1306 559 1378 apud
569 1305 699 1364 Ovidium
707 1307 747 1365 IV
766 1309 931 1365 133-162.
947 1307 1000 1365 Sed
1017 1325 1050 1365 ex
1061 1307 1134 1380 ipsis
1144 1309 1282 1370 fastmum

165 1402 267 1459 Praen.
290 1403 384 1461 verbis
407 1405 435 1460 et
456 1421 489 1460 er
511 1403 576 1460 aliis
598 1402 804 1480 testimoniis¹)
825 1406 1018 1463 Mommsenus
1046 1422 1097 1463 suo
1125 1407 1184 1464 iure
1212 1424 1280 1467 con-

160 1499 255 1556 tendit
276 1517 293 1556 a
311 1500 499 1558 Praenestino
522 1503 703 1574 quadratario
725 1504 897 1561 seutentiam
920 1506 1080 1576 corruptam
1102 1521 1164 1561 esso
1185 1506 1278 1564 verbis

161 1596 332 1669 quibusdam
354 1599 468 1656 omissis
490 1602 575 1673 atque
596 1600 743 1672 scripserit
767 1601 881 1660 Verrius
908 1619 1025 1660 necesse
1051 1618 1113 1659 esse
1139 1603 1180 1660 ita
1204 1602 1278 1662 fere:

161 1693 333 1768 ‘frequenter
366 1697 498 1754 mulieres
537 1697 703 1771 supplicant
733 1699 910 1758 honestiores
944 1699 1047 1758 Veneri
1078 1699 1278 1772 Verticordiae,

159 1793 301 1851 Fortunae
322 1794 406 1853 Virili
426 1795 606 1865 humilioreS,
627 1795 713 1852 etiam
738 1795 769 1852 in
797 1797 921 1855 balineis
943 1797 1003 1855 cet!
1038 1796 1073 1873 (l.
1095 1813 1120 1855 c.
1142 1815 1169 1871 p.
1192 1798 1277 1876 390.)

159 1891 204 1947 Ad
225 1892 296 1949 haec
317 1909 381 1950 vero
406 1892 492 1950 verba
519 1892 607 1951 multo
635 1893 720 1950 etiam
747 1895 864 1966 propius
886 1895 1036 1964 accedunt,
1063 1912 1135 1968 quae
1157 1894 1275 1954 Ovidius

160 1992 281 2047 enarrat.
323 1991 365 2047 Ex
387 1990 428 2047 eis
450 1992 543 2047 autem
558 1989 650 2060 rebus,
673 2007 744 2064 quas
759 1992 790 2049 in
805 1993 858 2051 hoc
870 1992 964 2050 Ovidii
979 1993 1073 2064 capite
1088 1992 1124 2050 ad
1138 1993 1275 2051 1111111111

160 2087 358 2145 auctoritatem
383 2087 484 2144 1111111
505 2088 694 2161 prohibemur,
726 2107 766 2159 ea,
799 2107 871 2162 quae
897 2089 931 2146 de
958 2089 1101 2148 lavatione
1129 2092 1276 2164 ceteroque

159 2184 237 2241 cultu
261 2183 349 2241 habet
374 2188 460 2257 poeta
484 2203 526 2244 vv.
551 2187 725 2243 133-139
754 2189 782 2244 et
813 2187 988 2245 151-156
1017 2185 1099 2244 111111
1119 2189 1234 2262 negotio
1258 2207 1275 2246 a

158 2281 283 2352 feminis,
311 2299 382 2354 quas
403 2283 489 2352 novit,
516 2284 669 2354 comperire
690 2285 814 2356 poterat3
842 2300 956 2341 caueam
978 2284 1093 2355 deinde,
1122 2302 1206 2358 quam
1229 2304 1275 2344 11-

157 2379 238 2437 hibet
251 2397 293 2436 vv.
313 2380 477 2451 rao-144,
498 2380 574 2438 haud
596 2380 680 2439 dubie
702 2382 764 2454 ipse
786 2381 843 2439 sibi
865 2381 955 2439 finxit.

239 2477 269 2536 Si
303 2493 367 2535 vero
402 2477 436 2534 de
471 2495 558 2535 causa
593 2478 782 2539 dedicationis
817 2479 896 2536 aedis
931 2478 1050 2538 Veneris
1082 2478 1275 2538 Verticordiae

158 2573 349 2651 (157-160)
372 2591 405 2632 ea
426 2576 614 2648 cognovisset,
637 2594 709 2649 quae
723 2577 836 2634 Plinius
852 2575 904 2652 (H.
919 2575 957 2634 N.
973 2575 1027 2634 VIl
1048 2576 1112 2633 120.
1154 2576 1274 2634 Preller·

159 2672 282 2742 Jordan,
310 2672 389 2730 Rom.
411 2673 498 2746 Myth.
521 2673 536 2730 I
562 2673 621 2731 446
648 2674 709 2750 sq.)
750 2675 900 2734 memoriae
928 2673 1060 2747 prodidit,
1085 2672 1211 2730 fabulam
1239 2675 1274 2732 de

157 2770 267 2844 virgine
299 2769 429 2828 fulminis
461 2771 519 2828 ictu
550 2772 658 2829 nudata
690 2789 740 2831 suo
773 2771 890 2846 ingenio
918 2770 1097 2844 aptissimam
1120 2773 1193 2828 certe
1215 2787 1273 2829 non

157 2869 309 2928 omisisset.
353 2868 443 2936 Quare
465 2869 592 2928 conicere
614 2870 682 2928 licet
702 2871 756 2927 bac
777 2870 812 2927 de
833 2887 862 2927 re
883 2868 959 2926 nihil
979 2868 1038 2926 nisi
1059 2868 1273 2928 annotationem

155 2965 352 3024 brevissimam
373 2966 404 3022 in
425 2965 552 3025 Nasonis
574 2967 652 3027 fonte
674 2967 772 3026 fuisse.

184 3102 185 3106 =
237 3066 264 3120 2.
288 3065 324 3122 ad
347 3065 399 3122 cal.
420 3065 503 3122 Mart.
526 3064 663 3124 Fastorum
683 3066 785 3124 Praen.
808 3067 905 3126 notam
931 3064 967 3122 ab
994 3064 1177 3136 epitomatore
1199 3065 1272 3123 male

161 3162 336 3219 contractam
358 3163 386 3219 et
408 3180 556 3236 operarum
577 3153 694 3236 peccato
709 3164 889 3226 obscuratam
911 3179 973 3220 esso
987 3161 1180 3220 Mommsenus
1200 3163 1273 3220 vidit

238 3353 264 3433 ¹)
285 3356 380 3430 Lydus
402 3357 436 3414 de
457 3358 604 3416 mensibus
618 3359 659 3417 IV
680 3359 727 3429 45,
748 3359 825 3416 Plut.v
838 3357 923 3415 Num.
940 3358 984 3428 19,
1004 3356 1156 3429 praecipue
1178 3359 1272 3415 autem

155 3455 281 3512 Macrob.
296 3455 355 3512 Sat.
370 3455 386 3513 I
403 3456 447 3526 12,
471 3457 516 3526 15,
539 3456 588 3528 qui
609 3458 760 3530 postquam
781 3472 908 3513 mensem
922 3453 1050 3527 Aprilem
1064 3453 1100 3510 ab
1114 3455 1272 3527 Aphrodite

151 3570 256 3611 nomen
270 3554 391 3610 traxisse
406 3553 530 3627 negavit,
545 3554 587 3611 ita
601 3554 707 3628 pergit:
728 3557 795 3612 ‘non
810 3554 906 3613 tamen
920 3554 1008 3625 negat
1022 3551 1136 3610 Verrius
1150 3552 1270 3610 Flaccus

152 3650 208 3707 hoc
236 3648 281 3706 die
306 3652 407 3721 postea
436 3652 629 3722 constitutum,
656 3655 688 3710 ut
714 3652 860 3709 matronae
882 3649 985 3707 Veneri
1006 3665 1117 3706 sacrum
1137 3648 1269 3722 facerent,

154 3747 235 3804 cuius
257 3747 298 3804 rei
313 3763 438 3819 caueam,
461 3748 529 3821 quia
549 3750 616 3807 huic
636 3751 698 3808 loco
713 3765 771 3808 non
793 3745 932 3816 convenit,
952 3747 1186 3818 praetereundum
1207 3749 1270 3806 est!

150 3843 236 3902 Recte
257 3843 330 3901 vidit
355 3845 549 3904 Mommsenus
576 3846 610 3923 (l.
634 3864 657 3905 c.
680 3864 707 3920 p.
731 3847 811 3917 390.)
843 3845 914 3901 haec
946 3844 983 3900 ad
1014 3842 1118 3900 festum
1149 3845 1267 3914 Veneris

150 3941 342 4001 Verticordiae
363 3944 501 4015 spectare.
544 3945 665 4004 Causam
680 3945 799 4014 scilicet,
814 3959 899 4016 quam
913 3939 984 3998 fasti
998 3941 1100 3998 Praon.
1135 3940 1268 4001 Ovidius-

151 4055 206 4112 que
237 4039 366 4109 tradunt,
398 4041 559 4100 Macrobius
591 4043 707 4116 pudoris
739 4059 826 4100 causa
856 4037 961 4096 omisit.
1021 4037 1076 4095 Sed
1108 4041 1268 4099 accuratius

147 4137 249 4208 postea
270 4135 314 4212 (p.
336 4135 391 4212 27)
412 4137 443 4194 in
465 4139 542 4196 hunc
563 4140 656 4198 locum
677 4141 861 4214 inquiremus.
