2994 4816
683 367 879 428 ..4-

223 540 369 614 inspectos
388 557 452 598 esse
473 539 682 598 concluserunt.
717 540 858 614 Equidem
871 541 993 615 primum
1008 556 1042 598 ox
1054 540 1128 613 ipsis
1142 539 1238 599 Ovidii
1252 540 1338 600 fastis

222 637 355 697 inunum
374 653 543 710 componam
558 653 655 696 omues
669 654 776 709 versus,
789 637 893 711 quibus
908 638 943 696 de
958 655 990 697 eo
1005 637 1091 710 fonte,
1107 655 1140 698 ex
1155 655 1209 712 quo
1224 641 1337 712 poetam

222 733 354 793 hausisse
375 734 438 792 siue
458 735 519 794 ulla
539 735 717 795 dubitatione
739 737 852 794 constat
872 737 957 810 atque
977 735 1015 793 ad
1034 753 1122 794 unum
1148 752 1246 794 omnes
1269 753 1337 795 con·

221 832 359 903 sentiunt
386 832 421 890 de
446 832 531 891 111111
552 833 675 907 publicis
696 833 767 905 dico,
788 833 903 892 disertis
922 832 1016 891 verbis
1037 832 1139 906 agitur.
1197 833 1273 892 Nam
1304 851 1337 894 ex

223 929 265 987 eis
285 929 357 989 locis
377 931 455 988 baud
476 931 536 991 scio
557 947 595 988 an
616 931 725 1005 percipi
745 931 846 1005 possit
867 931 966 1004 quales
987 929 1093 989 1111111
1113 930 1158 990 illi
1178 930 1256 1002 fasti,
1278 931 1340 1005 qui-

222 1025 277 1083 bus
306 1025 384 1086 Naso
412 1045 482 1086 usus
511 1029 558 1101 sit,
586 1031 615 1087 et
641 1046 710 1088 nurn
737 1032 812 1087 recte
840 1029 1008 1088 iudicaverit
1035 1027 1188 1086 Merkelius
1217 1026 1284 1086 illos
1313 1029 1341 1085 et

222 1124 366 1190 brevitate
392 1127 421 1184 11
453 1127 586 1186 instituto
617 1127 755 1185 fastorum
785 1125 1001 1184 Maffeianorum
1031 1125 1194 1184 simillimos
1224 1125 1340 1185 aliunde

223 1222 391 1295 locupletari
412 1226 441 1282 et
460 1224 600 1284 illustrari
621 1241 692 1297 opus
713 1223 811 1281 fuisse.

304 1321 427 1390 Quorum
440 1322 566 1382 locorum
579 1322 665 1396 primi
685 1320 864 1380 exscribendi
884 1323 952 1379 suut
968 1322 1002 1393 ei,
1017 1320 1120 1394 quibus
1135 1320 1167 1377 in
1179 1319 1341 1378 uuiversum

224 1417 259 1476 de
272 1435 301 1476 rc
320 1420 468 1493 proposita
486 1420 604 1479 Ovidius
620 1419 757 1493 loquitur:

223 1515 255 1573 Π
275 1518 292 1573 7
374 1550 412 1558 -
433 1534 516 1575 sacra
536 1534 609 1577 cano
629 1517 848 1591 signataque
868 1517 1037 1598 tempora
1056 1515 1179 1574 fastis.

225 1613 278 1671 17
301 1631 345 1686 sq.
372 1614 459 1673 Sacra
480 1631 666 1688 recognosces
692 1613 846 1672 annalibus
867 1615 947 1672 eruta
968 1614 1081 1687 priscis,

412 1715 440 1770 et·
468 1729 535 1784 quo
564 1713 615 1771 sit
641 1711 770 1770 merito
800 1728 962 1784 quaeque
989 1713 1115 1770 notata
1142 1711 1230 1770 dies.

224 1809 374 1867 Accedunt
394 1809 546 1882 11111111,
568 1808 671 1884 quibus
696 1809 728 1867 iu
749 1808 873 1883 siugulis
894 1808 995 1867 diebus
1009 1809 1188 1868 illustrandis
1203 1808 1340 1869 fastorum

225 1909 311 1964 notas
331 1909 476 1980 respectas
498 1925 559 1966 esse
581 1909 685 1967 clucet:
799 1903 803 1909 ’

224 2003 256 2060 Π
276 2004 334 2062 381
356 2005 551 2078 1111111111
573 2008 601 2064 et
622 2022 749 2079 quaeras,
770 2021 819 2063 cur
839 2005 979 2064 11111111
999 2005 1049 2064 ille
1070 2004 1216 2078 Lupercal,

501 2119 607 2176 quaeve
628 2103 716 2162 diem
734 2099 804 2180 1111
824 2103 969 2160 nomine
989 2119 1077 2162 causa
1096 2104 1157 2160 not
1181 2103 1202 2160 t.

502 2199 600 2277 (Febr.
622 2202 667 2260 15.
688 2199 895 2261 LVPEBcalia.
918 2200 1013 2278 Mad.)

225 2295 251 2354 V
271 2296 328 2353 721
344 2313 388 2370 sq.
403 2297 449 2355 Ad
469 2297 575 2357 Janum
595 2298 700 2370 redeat,
720 2297 770 2371 qui
791 2299 910 2371 quaerit,
931 2299 1046 2373 Agonia
1067 2299 1136 2373 quid
1157 2299 1223 2370 sint,

466 2412 537 2468 quae
551 2395 700 2453 tamenin
714 2395 827 2454 fastis
842 2398 908 2456 hoc
923 2414 1034 2471 quoque
1048 2399 1188 2471 tempus
1202 2395 1344 2456 habent.

567 2492 651 2570 (Mai.
670 2496 719 2553 21.
739 2494 885 2554 sconia.
905 2493 1001 2572 11111.)

226 2589 253 2649 V
273 2591 331 2648 727
353 2606 397 2664 sq.
418 2590 556 2660 Quattuor
575 2591 643 2649 iude
663 2591 741 2650 uotis
759 2591 840 2650 locus
861 2595 913 2665 est,
935 2593 1039 2666 quibus
1060 2592 1158 2650 ordine
1178 2592 1261 2652 lectis

490 2691 535 2749 111
556 2707 617 2749 mos
637 2705 780 2748 sacrorum
799 2690 844 2748 111
864 2689 933 2764 fuga
953 2691 1030 2765 regis
1047 2690 1132 2748 inest.

529 2786 612 2864 (1111.
634 2787 682 2844 24.
705 2787 924 2857 oannes.
946 2785 1043 2863 111111.)

228 2880 268 2940 VI
279 2883 337 2941 649
348 2881 432 2959 (Juu.
448 2883 507 2962 12.)
523 2885 612 2944 Nulla
624 2886 694 2944 uota
705 2885 889 2943 estveuieute
907 2885 961 2957 die,
976 2902 1062 2958 quam
1073 2884 1181 2943 discere
1192 2882 1226 2957 (1)
1237 2883 1341 2958 possis.

227 2979 328 3053 Neque
349 2981 428 3040 aliud
448 2981 610 3056 siguificat:

227 3078 259 3136 ΙΙ
282 3079 341 3138 475
363 3080 454 3152 (Febr.
478 3081 532 3149 16.)
555 3079 688 3139 Proxima
707 3081 756 3138 lux
775 3097 867 3139 vacua
889 3081 933 3138 est
954 3084 1003 3152 (sc.
1023 3080 1111 3150 nota).

310 3175 415 3235 Omnes
436 3176 500 3249 loci,
522 3194 592 3250 quos
612 3177 704 3235 adhue
721 3178 813 3249 111111,
827 3193 886 3236 nou
899 3178 982 3238 ruodo
997 3195 1061 3235 curn
1074 3176 1158 3235 fastis
1172 3176 1343 3248 Medeiauis,

227 3290 345 3346 quorum
365 3275 450 3333 notas
472 3274 597 3348 siugulis
621 3275 750 3333 versibus
772 3274 938 3349 subscripsi,
957 3276 1007 3334 sed
1029 3276 1146 3333 omuino
1168 3292 1231 3333 cum
1252 3275 1344 3334 omui·

226 3371 281 3428 bus
301 3369 386 3428 fastis
407 3371 552 3443 Romanis,
573 3373 665 3445 quoad
687 3374 791 3432 servati
812 3376 887 3446 suut,
908 3373 1100 3446 consentiunt,
1121 3373 1162 3432 ita
1182 3374 1214 3430 ut
1227 3373 1264 3430 ad
1276 3389 1344 3443 rem,

229 3485 314 3540 quam
334 3469 499 3541 tractamus,
520 3469 595 3527 nihil
616 3488 649 3528 er
669 3470 711 3530 eis
732 3473 929 3545 consequatur.

308 3565 378 3624 Plus
399 3569 501 3640 auteur,
522 3568 553 3626 ni
574 3567 666 3642 fallor,
689 3586 722 3627 ex
742 3569 789 3628 his
809 3569 881 3628 locis
903 3569 969 3627 elici
989 3571 1096 3642 potest:

312 3664 336 3720 1.
358 3660 374 3721 1
394 3665 433 3723 63
454 3682 517 3739 sqq.
537 3663 618 3741 (lau.
643 3664 684 3743 1.)
707 3665 833 3738 Ovidius,
853 3669 1004 3740 postquam
1025 3666 1059 3725 de
1073 3666 1158 3725 huius
1172 3664 1229 3724 diei
1243 3664 1344 3724 ritibus

224 3759 373 3834 sacrisque
393 3763 476 3821 etde
498 3763 569 3821 Jaui
588 3762 679 3821 forma
698 3780 733 3821 ac
753 3765 863 3835 natura,
884 3781 956 3837 quae
977 3779 996 3821 a
1016 3763 1068 3822 deo
1089 3763 1154 3838 ipso
1178 3779 1210 3821 se
1235 3779 1345 3836 compe·

227 3859 299 3916 risse
320 3858 412 3933 fingit,
432 3859 546 3934 copiose
567 3861 705 3934 exposuit,
724 3861 819 3935 pergit
838 3879 864 3920 1.
884 3862 959 3920 2891

328 3956 409 4026 Quod
428 3958 525 4015 taureu
547 3975 584 4016 ex
605 3958 700 4031 ipsis
722 3958 831 4017 licuit
850 3958 936 4017 mihi
959 3959 1099 4018 discere
1119 3958 1245 4030 fastis,

440 4071 584 4114 sacravere
605 4057 701 4129 patres
722 4057 777 4114 hac
797 4057 851 4116 duo
872 4057 981 4130 templa
1000 4057 1061 4116 die:

232 4150 345 4210 scilicet
364 4153 529 4226 Aesculapii
551 4157 579 4212 et
598 4154 619 4212 J
620 4154 680 4214 ovis
701 4154 732 4212 iu
746 4154 842 4213 insula
855 4154 991 4213 Tiberina
1005 4155 1071 4214 sita.
1097 4155 1140 4214 llx
1154 4154 1238 4214 fastis
1252 4154 1348 4230 igitur,
