2994 4816
681 371 899 433 „22-

234 541 269 618 (l.
301 558 325 599 c.
357 559 384 615 p.
417 542 500 620 364).
542 543 677 602 Eiusdem
706 561 770 602 vero
803 547 926 606 auctoris
958 545 1174 605 annotationem
1205 545 1351 618 integram

238 639 338 698 Ouidio
360 641 426 696 unte
448 642 545 699 oculos
567 641 656 699 fuisse
684 640 776 714 facile,
803 643 834 701 ni
861 642 958 717 fallor,
987 643 1164 717 intellegitur
1185 643 1353 715 comparata

235 736 300 809 ipsa
321 738 404 797 nota:

312 835 432 893 Martius
454 835 490 892 ab
511 835 677 895 Latinorum
700 836 816 914 [Marte;
836 838 1016 916 appel]landi
1037 839 1134 912 itaque
1156 838 1233 911 apud

311 933 441 992 Albanos
462 934 490 990 et
510 933 660 1006 plerosque
682 933 827 1012 [po]pulos
848 936 939 1014 nequ
959 935 1033 1013 m]os
1055 937 1128 994 idom
1148 935 1204 994 fuit
1225 937 1316 992 antes

314 1030 458 1088 conditam
478 1031 604 1090 Romam.
646 1032 684 1090 Ut
705 1031 825 1110 a[u]tem
839 1035 890 1092 alii
906 1033 1057 1110 cre[dn]nt,
1080 1034 1155 1107 qnod
1170 1030 1222 1104 et1)
1238 1048 1319 1090 sacra

313 1127 386 1186 fiunt
406 1130 461 1187 hoc
480 1145 586 1186 menso.

235 1241 298 1283 curn
319 1225 414 1284 Ovidii
434 1225 563 1285 versibus
589 1225 636 1285 HI
662 1230 789 1287 79-98.
821 1228 921 1302 Neque
937 1230 1069 1289 abhorret
1094 1248 1111 1288 a
1131 1231 1232 1303 poetae
1255 1225 1352 1286 verbis

233 1323 312 1381 Festi
334 1324 463 1383 doctrina
483 1343 510 1398 p.
537 1326 607 1383 150:
649 1327 777 1388 ‘Martius
798 1329 905 1385 mensis
937 1329 1052 1386 initium
1083 1327 1154 1385 enni
1184 1325 1240 1383 fuit
1271 1326 1299 1382 et
1319 1323 1354 1380 in

236 1421 327 1493 Latio,
349 1423 377 1480 et
396 1425 462 1494 post
476 1423 593 1482 Romam
615 1423 767 1496 conditam,
788 1426 863 1498 quod
884 1443 917 1483 ea
942 1443 1014 1500 gens
1041 1427 1101 1483 erat
1120 1422 1354 1492 bellicosissima,

235 1519 316 1578 cuius
327 1521 368 1578 rei
379 1521 573 1580 testimonium
584 1522 635 1591 est,
647 1520 722 1593 qnod
735 1522 904 1594 posteriores
920 1540 1040 1595 menses,
1054 1522 1104 1596 qui
1115 1539 1222 1579 annum
1236 1519 1353 1589 finiunt,

235 1635 253 1674 a
279 1634 394 1678 numero
424 1617 570 1692 appellati,
602 1603 740 1675 ultimum
759 1619 867 1677 habent
894 1619 1106 1691 Decembrem‘,
1135 1635 1257 1692 quocum
1288 1617 1354 1674 loco

233 1713 385 1786 praecipue
406 1717 535 1774 conferas
557 1714 652 1774 Ovidii
669 1731 766 1773 versus
788 1717 826 1775 85
848 1734 891 1790 sq.

353 1813 430 1870 Mare
451 1813 534 1872 Latio
554 1813 731 1870 venerandus
753 1815 820 1885 erat,
843 1815 911 1888 quia
930 1815 1075 1888 praesidet
1096 1813 1191 1886 armis,

414 1927 492 1968 arma
512 1911 588 1969 ferae
609 1910 690 1984 genti
710 1927 824 1984 remque
846 1913 988 1985 decusque
1009 1912 1125 1971 dabant.

235 2007 263 2062 et
286 2006 340 2064 149
363 2023 406 2080 sq.
449 2009 577 2082 (Martius
598 2009 705 2066 mensis
726 2008 834 2082 primus
855 2009 917 2080 fuit,
938 2008 1021 2086 nam)

355 2105 477 2178 denique
499 2106 617 2180 quintus
639 2107 674 2165 ab
696 2109 750 2165 hoc
770 2107 863 2164 fuerat
884 2108 1029 2180 Quintilis,
1051 2109 1079 2165 et
1099 2108 1166 2166 inde

417 2205 530 2278 incipit,
552 2221 706 2263 enumero
727 2204 845 2262 nomina
866 2205 997 2279 quisquis
1018 2205 1114 2263 habet.
1318 2269 1322 2278 ¹

314 2300 464 2359 Praeterea
489 2304 583 2360 autem
610 2302 728 2361 Ovidius
755 2303 786 2360 in
811 2303 865 2362 hoc
892 2305 999 2378 capite,
1026 2321 1081 2377 quo
1109 2321 1213 2365 nomen
1239 2305 1348 2362 mensis

236 2395 333 2454 Martii
359 2399 482 2471 explicat
507 2399 568 2478 (III
598 2402 736 2471 1-166),
764 2401 835 2458 haec
860 2400 973 2472 profert.
1015 2401 1110 2458 Primo
1138 2401 1201 2461 loco
1223 2399 1351 2478 (9-70)

238 2493 351 2553 fabulae
373 2496 406 2554 de
421 2497 539 2558 Romulo
549 2500 692 2572 Remoque
715 2500 742 2556 et
756 2498 790 2556 de
804 2497 873 2556 urbe
889 2497 1004 2557 condita
1018 2500 1177 2570 narrentur,
1199 2499 1353 2573 dequibus

238 2592 300 2650 sine
319 2594 378 2654 ullo
393 2595 478 2656 dubio
495 2598 600 2654 certum
615 2597 756 2654 auctorem
770 2612 863 2668 neque
878 2595 951 2653 adiit
964 2613 1056 2668 neque
1070 2598 1184 2654 secutus
1201 2599 1245 2654 est
1258 2598 1353 2670 poeta.

238 2690 348 2750 Deinde
368 2694 489 2752 traditur
509 2694 658 2754 Romulum
680 2693 715 2751 ob
737 2695 846 2766 patrem
867 2694 987 2750 Martem
1012 2693 1104 2750 mensi
1125 2694 1227 2754 Martio
1249 2710 1355 2752 nomeu

248 2788 380 2848 ndidisso
402 2790 619 2868 (11.71-78),
641 2807 726 2863 quam
747 2790 921 2848 sententiam
940 2791 1026 2864 vulgo
1047 2790 1182 2849 creditam
1197 2809 1214 2848 a
1228 2792 1356 2851 Varrone

240 2885 373 2944 reiectam
394 2891 423 2946 et
442 2907 508 2949 vera
534 2887 776 2962 interpretatione,
805 2905 891 2961 quam
918 2887 994 2962 apud
1017 2887 1143 2946 Verrium
1164 2887 1355 2962 Ovidiumque

239 2981 385 3058 (re-96)
406 2987 488 3045 modo
510 2985 678 3056 invenimus,
700 2987 854 3044 correctam
869 3003 931 3044 esee
947 2986 1069 3043 constat.
1112 2985 1298 3059 (Censorinus
1320 2986 1356 3044 de

238 3080 284 3138 die
308 3083 400 3142 natali
414 3085 461 3155 22,
483 3082 594 3159 9sqq.)
636 3082 754 3141 Ovidius
775 3085 876 3155 autem,
897 3085 1048 3156 postquam
1063 3083 1210 3157 utramque
1232 3085 1357 3158 explica-

236 3179 343 3238 tionem
363 3181 503 3254 repetivit,
522 3181 651 3239 versibus
673 3183 710 3240 97
732 3199 777 3255 sq.
799 3181 909 3239 casita
931 3181 1092 3240 coniunxit:

396 3280 532 3338 Romulus
553 3279 606 3338 hos
628 3296 725 3338 omnes
746 3280 779 3337 ut
798 3278 923 3337 vinceret
944 3279 1045 3337 ordine
1066 3275 1177 3348 saltem,

453 3377 605 3451 sanguinis
627 3377 736 3435 auctori
756 3380 884 3450 tempora
897 3376 989 3450 prima
1006 3374 1092 3432 dedit.

325 3474 396 3531 Turn
418 3474 513 3549 agitur
533 3475 567 3532 de
589 3492 665 3534 anno
686 3476 782 3533 decem
797 3475 946 3546 mensium,
967 3474 1069 3546 postea
1083 3489 1100 3529 a
1114 3471 1209 3529 Numa
1223 3472 1356 3530 Caesaro-

245 3588 299 3644 que
314 3571 463 3630 emendato
478 3573 653 3648 (ee-166),
680 3590 752 3647 quae
767 3573 864 3630 eadem
885 3573 943 3628 iarn
963 3570 994 3627 in
1015 3568 1104 3643 pn'mo
1126 3568 1263 3627 fastorum
1282 3561 1355 3628 li'bro

244 3667 389 3745 (27-44)
419 3672 576 3728 occurrunt.
618 3670 702 3728 Hanc
737 3671 827 3728 totam
858 3668 1015 3726 doctrinam
1046 3668 1157 3740 praeter
1188 3667 1258 3725 duos
1289 3666 1356 3726 illos

241 3783 339 3825 versus
363 3768 418 3826 149
440 3784 492 3840 sq,
519 3765 568 3840 qui
596 3783 659 3824 cum
683 3767 770 3825 Festo
796 3766 989 3837 consentiunt,
1015 3764 1051 3822 ad
1073 3763 1200 3824 Verrium
1221 3764 1355 3822 Flaccum

243 3864 345 3923 referre
365 3883 423 3926 non
444 3881 603 3940 possumus.
646 3864 701 3922 Sed
728 3881 764 3921 ne
785 3863 822 3921 ad
843 3863 930 3921 alium
953 3862 1065 3936 quidem
1087 3862 1192 3919 certum
1214 3863 1356 3920 auctorem

244 3962 396 4021 manifesto
417 3964 543 4022 redeunt.
585 3962 661 4020 Nam
682 3979 715 4020 ex
736 3961 785 4032 eis,
808 3977 879 4034 qnae
900 3959 1062 4018 Huelsenus
1083 3957 1118 4034 (l.
1134 3973 1157 4016 c.
1173 3977 1201 4032 p.
1219 3959 1255 4016 18
1276 3957 1356 4034 sqq.)

323 4155 349 4235 ¹)
370 4159 576 4218 Mommsenus:
598 4156 667 4234 (scr.
688 4157 738 4235 ei).
