2994 4816
667 313 888 374 ..32-

220 485 353 544 feriarum
376 503 462 544 causa
483 485 630 546 sensisse?
672 487 777 545 Attulit
797 489 890 544 autem
912 487 1025 544 Verrius
1044 488 1120 545 hano
1141 488 1334 546 narrationem

215 584 250 640 ct
285 583 321 640 ad
347 585 416 655 Apr.
443 585 491 642 23.
514 584 650 641 infestis
680 585 783 660 Praen.
808 585 835 642 et
866 585 902 641 ad
934 585 1007 658 Aug.
1047 587 1091 643 19.
1122 585 1152 642 in
1184 602 1269 658 opere
1299 586 1333 643 de

220 679 366 737 rerbomm
388 681 609 754 significatione.

302 777 379 846 Quae
401 781 494 835 autem
516 779 550 836 de
571 780 643 838 testo
666 781 783 839 Veneris
804 780 858 838 hoc
880 779 977 838 eodem
998 779 1043 836 die
1059 779 1199 839 celebrato
1214 780 1332 839 Ovidius

220 876 262 934 lV
277 877 435 934 865-876
451 877 558 948 scribit,
579 879 605 935 si
626 895 684 936 non
706 878 737 936 in
761 880 866 936 lacuna
886 876 1047 934 tabularum
1074 877 1185 948 Praen,
1207 879 1237 935 at
1258 880 1332 935 certe

221 974 252 1031 in
279 973 447 1044 maioribus,
473 976 505 1031 ut
527 974 567 1032 ita
598 975 699 1046 dicam,
724 976 814 1033 Verrii
844 974 928 1032 fastis
961 976 1099 1032 annotata
1123 975 1212 1032 fuisse
1239 992 1273 1032 ex
1300 992 1333 1034 eo

215 1071 416 1142 ·=concluserim,
443 1073 517 1145 quod
545 1073 576 1130 in
609 1076 677 1131 nota
710 1074 746 1131 ad
777 1073 929 1145 Robigalia
960 1076 1070 1130 servata
1101 1071 1186 1148 (Apr.
1218 1074 1265 1130 25.
1296 1072 1333 1131 of.

214 1185 307 1240 supra
327 1186 355 1241 p.
377 1171 424 1227 25.
453 1167 498 1246 4.)
529 1170 586 1227 tale
614 1171 722 1243 aliquid
750 1171 900 1242 respicitur
929 1170 976 1226 his
1006 1169 1118 1228 uerbis:
1149 1171 1259 1228 ‘Festus
1289 1172 1334 1228 est

221 1284 369 1340 puerorum
399 1268 585 1338 lenoniorum‚
621 1269 689 1340 quia
721 1268 864 1340 proximus
902 1268 1031 1340 superior
1062 1269 1239 1327 meretricum
1269 1267 1331 1325 ost?

220 1365 402 1441 (Mommsen,
439 1367 458 1424 l.
496 1383 519 1424 c.
556 1383 583 1438 p.
617 1364 700 1441 392).
763 1365 853 1433 Quare
888 1381 946 1422 non
983 1382 1079 1423 vereor
1115 1365 1275 1423 existimare
1316 1381 1332 1422 a

225 1464 319 1521 Verrio
341 1479 451 1536 quoque
473 1463 504 1520 in
526 1463 636 1520 delectu
656 1479 707 1520 suo
735 1463 873 1520 rationem
900 1462 1030 1521 habitam
1055 1480 1116 1521 esse
1137 1464 1222 1522 uotae
1243 1461 1332 1521 fasto-

220 1578 281 1618 rum
301 1561 494 1635 publicorum,
517 1577 602 1634 quarn
623 1561 843 1634 hemerologium
864 1559 982 1617 fratrum
1002 1560 1150 1618 Arvalium
1178 1560 1219 1618 ita
1246 1559 1331 1618 nobis

214 1659 354 1717 servarit:

380 1755 506 1833 [V]euori
527 1753 679 1830 Eruc[inae
702 1753 791 1830 ertrla
811 1755 952 1831 portlam)
970 1753 1182 1830 Collin(am).¹)

299 1874 400 1945 Itaque
416 1889 449 1928 ex
463 1873 516 1929 hoo
532 1871 565 1928 de
580 1870 732 1928 Vinalibus
748 1871 840 1943 capite
856 1872 1000 1944 egregium
1022 1872 1052 1928 in
1069 1871 1181 1929 modum
1201 1871 1333 1945 intellegi

221 1973 321 2044 potest,
343 1971 515 2042 quantopere
538 1967 654 2026 Ovidius
675 1969 844 2041 Verriusque
866 1970 1057 2028 consentiant.

300 2070 327 2124 6.
349 2067 386 2123 ad
407 2067 476 2138 Apr.
502 2067 545 2122 12.
565 2067 648 2126 ludos
670 2066 793 2124 Ceriales
814 2068 846 2124 ut
867 2066 902 2123 ab
926 2066 1026 2125 ovidio
1047 2049 1088 2126 iV
1110 2067 1267 2124 393-416
1289 2067 1332 2124 ita

224 2165 348 2223 aVerrio
359 2165 496 2221 tractatos
511 2180 581 2235 esse,
594 2181 690 2235 unum,
703 2164 778 2236 quod
791 2163 926 2234 restabat,
937 2165 1104 2224 vocabulum
1120 2165 1331 2224 annotationis:

715 2262 823 2320 fructus

221 2345 350 2401 testatur.
375 2375 410 2384 —

300 2479 326 2535 Α
347 2476 555 2535 subtilitatibus
575 2495 639 2536 vero
662 2477 909 2550 grammaticorum
931 2475 1079 2548 ingenium
1094 2475 1188 2534 Ovidii
1203 2478 1326 2536 alienum

221 2576 309 2634 fuisse
335 2576 392 2632 iarn
420 2591 505 2646 supra
532 2576 721 2647 exposuimus.
762 2575 881 2632 Accedit
909 2575 984 2648 quod
1010 2591 1094 2648 grave
1120 2577 1163 2633 est
1183 2578 1326 2649 negotium

212 2690 261 2745 rea,
290 2691 362 2746 quae
387 2673 440 2732 viri
467 2673 543 2731 docti
569 2674 666 2730 multis
690 2673 783 2730 verbis
806 2673 952 2730 enucleare
973 2671 1113 2743 laborant,
1135 2673 1223 2745 elegis
1244 2675 1330 2746 plene

219 2773 249 2829 et
268 2771 391 2845 perfecte
416 2772 516 2830 dicere.
558 2772 659 2844 Itaque
687 2787 745 2828 non
772 2771 913 2840 miramur,
941 2769 1015 2842 quod
1044 2773 1092 2827 eae
1110 2772 1331 2845 ‘annotationes

222 2869 325 2942 quibus
347 2869 451 2928 dierum
474 2870 585 2927 l'tteras
607 2885 641 2926 ac
662 2867 778 2928 nomina
799 2868 914 2927 Verrius
936 2868 1143 2939 interpretatur,
1171 2868 1207 2926 ab
1228 2869 1332 2928 Ouidio

222 2969 309 3026 multo
330 2968 442 3026 brevius
464 2969 492 3025 et
511 2983 611 3040 parum
632 2968 762 3024 accurate
783 2966 919 3038 repetitae
941 2968 1017 3023 sunt.

303 3086 326 3140 l.
353 3084 419 3140 Jam
446 3099 532 3156 supra
559 3081 602 3158 (p.
632 3083 676 3140 15.
704 3078 749 3156 5.)
772 3081 808 3154 ¹de
837 3084 905 3140 nota
927 3083 959 3152 Q.
979 3082 1011 3140 n.
1035 3081 1064 3139 C.
1085 3081 1117 3139 F.
1138 3080 1333 3141 disseruimus.

219 3181 432 3253 Explicationes
454 3182 546 3238 autern
569 3181 647 3251 duae,
676 3196 746 3252 quas
776 3179 889 3238 Verrius
918 3181 948 3237 in
976 3180 1161 3238 annotatione
1189 3179 1225 3236 ad
1247 3179 1331 3238 biart.

222 3279 269 3336 24.
293 3278 434 3351 exposuit:

510 3379 593 3433 Hunc
614 3375 688 3432 diem
709 3376 836 3449 plerique
863 3392 1009 3448 perperam

510 3475 729 3546 interpretantes
750 3474 853 3546 putant
874 3471 1044 3549 appellauit

505 3572 580 3646 quod
601 3588 632 3629 eo
654 3570 699 3628 die
721 3588 754 3628 ex
775 3571 888 3628 comitio
909 3569 1014 3642 fugerit

379 3677 451 3755 [rer3
472 3677 551 3754 ulam
572 3695 664 3750 neque
685 3678 858 3752 Tarquinius
879 3676 952 3733 abiit
973 3694 1006 3733 ex
1027 3677 1140 3735 comitio

308 3841 310 3849 ,
379 3774 479 3853 [urbis]
502 3777 606 3834 etalio
629 3792 739 3849 quoque
761 3791 857 3833 mense
880 3775 976 3833 eadem
998 3777 1065 3832 sunt

378 3873 519 3951 [idemque
540 3873 728 3950 elignificant.
751 3873 848 3949 qu[are
870 3873 993 3931 comitiis
1015 3871 1110 3948 factis]

380 3970 514 4048 [iudicila
534 3971 595 4029 fieri
616 3970 751 4047 indicaui
772 3972 808 4029 iis
830 3972 924 4045 magis
945 3970 1097 4046 putamus]

301 4104 327 4182 1)
348 4107 466 4178 uphem.
484 4091 576 4180 'opaga
602 4106 616 4163 1
637 4122 663 4179 p⁴
688 4106 735 4164 35.
