2994 4816
675 344 894 406 ..53-

227 521 309 582 Paul.
331 539 360 595 p.
385 522 436 580 151
463 521 582 595 ‘Argeos
602 520 744 580 vocabant
764 519 891 594 scirpeus
912 516 1030 592 effigies,
1052 533 1124 591 quae
1144 535 1195 592 per
1214 517 1341 593 virgines

228 618 359 678 Vestales
380 618 465 677 anuis
486 618 610 693 singulis
631 618 809 678 iaciebantur
828 617 860 676 in
880 615 1022 674 Tiberim!

307 725 415 784 Causae
437 726 531 783 eutem
550 724 635 783 huius
656 724 878 795 consuetudinis,
900 739 971 797 quas
990 721 1093 782 Festus
1114 707 1266 795 enumerat,
1286 721 1341 781 bae

227 825 302 882 sunt.
344 823 439 882 Primo
460 823 523 881 loco
544 822 658 880 Manilii
679 823 851 882 seutentiam
871 821 964 894 refert,
987 821 1037 894 qui
1057 821 1213 896 Argeorum
1234 821 1342 880 sacrifi-

229 921 303 980 cium
325 921 367 979 ita
387 922 477 980 ortum
498 935 561 978 esso
582 919 723 993 docuerit,
742 922 775 979 ut
793 937 851 993 pro¹
866 919 982 979 senibus
1003 921 1198 994 sexagenariis
1219 920 1341 979 Hercule

229 1021 343 1077 auctore
358 1019 485 1092 scirpeus
500 1017 610 1094 effigies
625 1018 655 1076 in
670 1018 795 1076 Tiberim
810 1018 993 1077 deicerentur.
1006 1017 1051 1094 (p.
1066 1019 1132 1090 334,
1157 1020 1272 1078 16-25
1287 1019 1342 1076 sin.

228 1117 264 1175 cf.
279 1117 361 1176 Paul.
376 1135 404 1191 p.
420 1117 458 1177 75
474 1135 497 1176 s.
512 1135 537 1176 u.
554 1116 729 1191 depoutani.)
756 1115 863 1174 Eadem
884 1118 981 1175 narrat
994 1116 1112 1174 Ovidius
1134 1118 1159 1177 V
1173 1117 1340 1175 623-632.

228 1247 264 1258 -
286 1215 446 1288 Sequuntur
466 1215 542 1289 apud
566 1215 681 1274 Festum
709 1214 736 1287 (l.
760 1229 783 1272 c.
803 1215 842 1272 25
870 1214 926 1272 sin.
949 1248 986 1256 -
1011 1215 1025 1272 1
1047 1215 1139 1293 dext.)
1160 1215 1231 1274 duee
1252 1214 1339 1274 moris

228 1312 445 1386 explicationes,
474 1313 577 1388 quibus
605 1313 656 1370 aut
680 1312 714 1370 de
744 1311 896 1370 comitibus
916 1311 1049 1370 Herculis
1069 1313 1197 1386 Argivis,
1224 1329 1342 1387 quorum

227 1411 362 1470 memoria
388 1411 435 1470 his
461 1411 551 1470 sacris
576 1410 795 1484 redintegretur,
823 1410 873 1467 eut
899 1410 933 1468 de
959 1409 1055 1485 legato
1082 1411 1203 1484 quodam
1227 1410 1342 1485 Argivo,

229 1509 309 1568 cuius
331 1525 432 1582 corpus
453 1510 655 1582 postmortem
676 1507 792 1566 flumine
812 1507 843 1566 111
863 1507 986 1581 patriam
999 1508 1149 1567 remissum
1169 1508 1215 1580 sit,
1235 1509 1341 1582 Argeo·

225 1623 287 1664 rum
301 1623 405 1666 nomen
420 1607 574 1677 derivatum
595 1605 636 1663 ita
658 1605 780 1678 quidem,
799 1607 832 1664 ut
851 1606 899 1665 bic
920 1605 978 1664 fere
998 1623 1100 1665 sensus
1122 1606 1268 1678 efficiatur,
1288 1605 1342 1665 viri

227 1703 303 1763 docti
339 1705 498 1764 columnam
525 1704 632 1763 codicis
662 1703 833 1762 Famesiani
861 1704 1110 1764 semicombustum
1145 1705 1338 1763 restituerunt.
1430 1723 1434 1731 *

227 1802 350 1872 Quorum
371 1802 520 1878 simillima
541 1818 604 1860 cum
625 1801 656 1859 in
670 1800 765 1860 Ovidii
785 1801 915 1861 uersibus
936 1803 1097 1861 639-660
1117 1803 1273 1874 occurrant,
1293 1801 1341 1860 rix

227 1900 338 1972 dubito,
364 1900 434 1974 quin
460 1917 475 1958 1
496 1899 607 1958 duabus
634 1899 815 1974 grammatici
843 1899 1084 1973 explicationibus
1112 1917 1193 1960 suam
1218 1900 1341 1960 narrati-

226 1999 360 2057 unculam
380 1999 443 2072 ipse
463 1997 521 2056 sibi
542 1996 707 2056 conflaverit
726 1999 819 2071 poeta.
858 1999 953 2071 Atque
968 1998 1055 2058 etiam
1068 1999 1145 2058 haud
1159 1997 1219 2058 scio
1234 2015 1272 2058 au
1286 1998 1340 2058 hoc

226 2096 289 2154 loco
312 2094 482 2155 conterenda
502 2095 563 2155 sint
576 2096 660 2154 Pauli
681 2095 766 2153 uerba
785 2113 814 2170 p.
839 2098 888 2155 19:
912 2097 1016 2171 ‘Argea
1034 2099 1099 2158 loca
1118 2099 1222 2158 Romae
1243 2097 1341 2171 appel-

224 2194 329 2266 lantur,
349 2197 423 2269 quod
443 2195 474 2253 in
494 2195 541 2253 his
562 2191 668 2267 sepulti
689 2195 785 2251 assent
805 2194 920 2267 quidam
934 2195 1102 2270 Argivorum
1122 2196 1248 2254 illustres
1268 2195 1341 2254 viri?

227 2309 290 2350 cum
312 2293 407 2352 Ovidii
427 2291 555 2351 uersibus
577 2294 635 2352 657
650 2307 693 2365 sq.
712 2292 895 2366 -Denique
921 2295 1006 2352 tertia
1033 2311 1144 2368 quoque
1172 2293 1266 2353 Ouidii
1294 2310 1341 2351 ex·

225 2389 345 2465 plicatio
360 2389 493 2469 (11.’·633
508 2393 562 2464 sq.)

437 2524 509 2583 Pars
523 2525 613 2598 putat,
627 2525 659 2582 ut
673 2523 779 2583 ferrent
792 2524 909 2584 invenes
923 2525 1062 2601 suffragia
1075 2525 1139 2599 soli,

478 2622 615 2698 pontibus
630 2621 758 2682 infirmos
772 2624 979 2697 praecipitasse
994 2640 1087 2682 senos.

226 2757 302 2830 apud
312 2757 428 2816 Festum
439 2755 505 2833 (1.1.
520 2757 634 2815 10-17
646 2755 738 2834 dext.)
747 2755 899 2816 invenitur.
928 2757 997 2816 Cum
1010 2757 1099 2832 igitur
1111 2759 1182 2818 haec
1196 2759 1341 2835 egregium

225 2853 256 2912 in
270 2855 391 2926 modum,
409 2854 441 2912 ni
455 2853 545 2926 fallor,
563 2856 677 2914 nostrae
692 2855 852 2914 sententiae
865 2854 988 2927 faveant,
1002 2872 1070 2914 uum
1083 2856 1129 2914 illi
1143 2857 1246 2929 obstat,
1265 2857 1341 2932 quod

227 2952 306 3011 Naso
322 2935 588 3026 quartam'sabulam
599 2953 633 3011 da
646 2952 786 3012 sacrificio
800 2951 859 3025 illo,
874 2970 958 3026 quam
971 2953 1074 3013 Festus
1087 2955 1107 3014 l.
1120 2971 1144 3013 o.
1159 2955 1214 3013 1-
1219 2956 1255 3014 10
1266 2956 1340 3014 dext.

225 3050 322 3125 tradit,
336 3067 395 3110 non
409 3050 526 3110 attulit?
541 3081 579 3094 -

310 3165 366 3224 Sed
389 3167 477 3225 nimis
501 3167 604 3226 multa:
628 3166 808 3241 perspicuum
828 3165 905 3226 enim
926 3168 970 3224 est
989 3167 1135 3226 levissima
1154 3186 1217 3228 esse
1238 3170 1343 3243 omnia,

141 3267 144 3276 ’
231 3281 304 3338 quae
319 3263 402 3322 aliter
415 3264 452 3322 ab
463 3264 572 3337 Ouidio,
587 3265 670 3324 aliter
683 3265 804 3326 aVerrii
817 3264 1051 3339 epitomatoribus
1066 3268 1224 3326 narrantur.
1244 3271 1340 3341 Immo,

226 3377 290 3420 cum
326 3362 476 3422 nobiscum
505 3363 735 3437 reputaverimus,
771 3380 856 3437 quam
883 3364 1005 3422 disiecta
1036 3365 1162 3424 membra
1188 3365 1281 3440 operis
1306 3367 1340 3426 de

224 3460 371 3520 verborum
385 3461 598 3536 significatione
612 3461 649 3519 ad
659 3479 716 3522 nos
736 3461 924 3536 pervenerint,
946 3479 1009 3522 cum
1029 3463 1161 3539 singulae
1181 3467 1277 3539 partes
1292 3467 1342 3524 aut

230 3574 248 3614 a
263 3558 349 3616 Festo
365 3560 393 3617 et
406 3560 498 3618 denuo
513 3559 631 3618 aPaulo
646 3560 719 3618 male
734 3561 905 3632 contractae,
919 3561 970 3618 aut
983 3561 1099 3621 omnino
1113 3579 1172 3623 nou
1186 3564 1341 3638 excerptae,

217 3661 274 3714 'aut
286 3657 442 3731 temporum
455 3657 569 3716 iniuriis
583 3657 710 3731 perditae
725 3657 792 3730 sint,
811 3659 902 3733 pluris
923 3659 1009 3718 etiam
1023 3659 1237 3721 aestimabimus
1259 3663 1336 3721 baud

225 3754 358 3829 exiguum
384 3771 530 3816 numerum
555 3771 650 3814 eorum
676 3753 816 3830 locorum,
844 3756 948 3832 quibus
968 3756 1086 3816 Ovidius
1114 3759 1142 3816 et
1162 3759 1192 3818 111
1210 3760 1340 3834 reliquiis

229 3853 323 3926 operis
338 3853 372 3912 de
386 3853 461 3913 verb.
477 3854 552 3928 rign.
565 3854 680 3913 Verrius
693 3871 808 3928 prorsus
822 3855 1014 3914 consentiunt.

308 3950 364 4009 Sed
376 3950 431 4010 bac
444 3967 474 4009 re
488 3951 551 4011 sola
564 3951 640 4010 nihil
652 3968 744 4025 paene
758 3952 887 4012 afficitur.
922 3953 1037 4012 Etenim
1055 3954 1173 4014 totidem
1186 3957 1231 4016 vel
1244 3957 1340 4032 plures

229 4047 314 4106 etiam
328 4048 406 4108 locos
420 4049 573 4108 Merkelius
586 4049 805 4125 Huelsenusque
820 4051 1062 4127 conquisiverunt,
1083 4053 1187 4128 quibus
1206 4072 1247 4128 aa,
1267 4073 1341 4130 quae

227 4146 308 4206 Naso
332 4148 430 4223 tradit,
455 4163 518 4206 cnm
539 4149 577 4208 Μ.
599 4149 725 4209 Terentii
746 4151 881 4212 Venonis
906 4151 1036 4212 doctrina
1060 4151 1164 4228 optime
1188 4171 1340 4231 congruere
