2994 4816
645 324 861 385 ..43-

193 498 303 557 'l'antus
332 501 425 557 autam
453 500 498 557 est
523 499 571 557 hic
600 515 764 570 consensus,
792 500 825 556 ut
848 498 1001 558 Merkelius
1016 499 1141 564 adillud
1154 501 1310 558 amomum

191 599 276 670 atque
309 597 441 655 ultimum
475 596 619 655 decurrere
654 599 783 671 cogatur,
818 596 868 669 qui
901 596 1041 670 ‘suspicor
1074 596 1178 656 tamen'
1212 597 1313 670 inquit

192 694 222 768 (l.
246 710 269 752 c.
291 712 319 769 p.
344 693 456 766 xcvi).
469 693 524 752 ‘hic
553 694 686 752 nonnihil
706 712 740 752 ex
766 694 867 754 Ouidio
893 694 925 752 in
945 694 1067 753 Paulum
1087 694 1248 767 irrepsisse,
1280 695 1316 752 ut

114 797 119 804 '
192 790 281 850 alibi!

273 888 329 946 Sed
350 888 451 947 collem
463 887 639 957 Quirinalem
653 905 671 946 a
685 889 736 948 deo
752 889 870 960 Quirino
891 889 1070 948 nominatum
1090 905 1161 960 esse,
1182 888 1212 946 id
1233 889 1313 962 quod

192 985 222 1043 II
245 987 302 1046 511
325 985 443 1044 Ovidius
465 985 558 1044 canit:

351 1083 459 1156 templa
478 1082 530 1141 deo
555 1082 642 1154 fiunt3
664 1085 746 1142 collis
768 1102 879 1159 quoque
900 1085 993 1144 dictrrs
1014 1084 1051 1144 ab
1073 1085 1123 1143 illo
1145 1085 1197 1156 cst,

194 1183 262 1255 post
281 1179 401 1239 alterum
424 1180 611 1254 veriloquium
635 1197 653 1238 a
672 1182 757 1240 Festo
778 1199 806 1255 p.
829 1183 889 1241 254
912 1182 1035 1240 traditur
1058 1199 1081 1242 s.
1103 1199 1129 1240 v.
1151 1180 1314 1250 Quirinalis

199 1279 297 1338 collis:
320 1282 327 1309 ‘
327 1321 450 1337 .....
473 1280 602 1352 quamvis
623 1278 786 1338 existiment
806 1279 931 1354 quidam,
952 1279 1028 1354 quod
1047 1280 1078 1341 in
1099 1295 1131 1338 ao
1152 1277 1260 1336 iactum
1274 1276 1317 1336 sit

192 1377 331 1450 templum
353 1375 478 1447 Quirino,
499 1375 541 1433 ita
562 1376 686 1435 dictum)

278 1474 357 1544 Quae
377 1491 441 1532 vero
461 1475 617 1545 sequuntur
648 1474 679 1532 in
704 1472 798 1532 Ovidii
829 1475 954 1532 carmine
985 1474 1020 1532 de
1051 1474 1202 1532 stulterum
1232 1471 1315 1530 feriis

197 1572 256 1648 (vv.
288 1573 348 1630 513
369 1603 407 1613 -
429 1568 518 1646 532),
553 1571 657 1644 partim
688 1573 773 1644 poeta
802 1570 864 1643 ipse
896 1572 1002 1630 Romae
1033 1571 1096 1630 siue
1127 1569 1213 1628 dubio
1241 1569 1316 1628 vidit

196 1671 254 1747 (vv.
285 1671 343 1728 527
365 1703 403 1710 —
426 1666 513 1743 530),
543 1669 648 1741 partim
679 1668 756 1741 apud
776 1668 904 1728 Verrium
925 1667 1051 1726 invenire
1072 1668 1174 1740 potuit.
1215 1667 1261 1726 Er
1280 1683 1315 1726 ec

194 1768 272 1826 enim
285 1768 485 1839 excerpserunt
498 1767 601 1824 Festus
622 1783 650 1840 p.
666 1767 741 1825 254:
762 1765 932 1836 ‘Quirinalia
952 1783 1050 1824 mense
1063 1765 1218 1825 Februario
1242 1765 1318 1837 dies,

196 1883 250 1938 quo
269 1865 381 1936 Quirini
401 1865 574 1922 fiuntsacra.
599 1863 674 1921 idem
694 1864 845 1923 stultorum
859 1863 947 1922 feriae
961 1864 1151 1938 appellantur,
1172 1863 1249 1937 quod
1263 1864 1318 1936 qui

196 1963 270 2022 diem
291 1978 404 2021 suorum
425 1960 612 2020 fornacalium
634 1977 776 2020 sacrorum
807 1961 948 2035 ignorant,
980 1977 1012 2020 ee
1043 1961 1225 2035 potissimum
1254 1977 1319 2018 rem

196 2060 322 2118 divinam
356 2056 484 2116 faciunt?
510 2056 566 2133 (ita
594 2059 746 2118 Muellerus
773 2058 867 2118 locum
895 2057 1038 2135 conexit.)
1081 2059 1175 2132 Atque
1203 2058 1320 2117 Paulus

197 2157 268 2216 dicit
281 2174 310 2230 p.
322 2157 374 2214 83:
389 2156 569 2215 ‘Fornacalia
583 2173 664 2215 sacra
678 2157 766 2227 erant,
781 2173 867 2230 quum
881 2155 925 2214 far
937 2159 968 2213 in
981 2154 1138 2214 fornaculis
1149 2155 1320 2216 torrebant!

196 2254 248 2332 (cl.
269 2256 415 2328 practerea
428 2255 504 2312 Fest.
519 2271 548 2328 p.
564 2255 622 2313 317
644 2271 667 2313 s.
683 2271 708 2312 v.
725 2253 880 2313 Stultorum
900 2253 986 2312 feriae
1008 2255 1036 2312 et
1050 2253 1131 2330 Paul.
1146 2271 1175 2327 p.
1191 2255 1229 2312 93
1243 2270 1269 2312 s.
1284 2271 1314 2312 v.

198 2351 391 2423 Fornacalia.)

278 2449 356 2519 Quae
375 2450 465 2508 restat
485 2451 516 2508 in
536 2451 595 2510 toto
616 2449 650 2508 da
671 2449 867 2519 Quirinalibus
889 2449 995 2522 capita,
1016 2449 1259 2508 narratiunculam
1280 2449 1322 2508 de

197 2548 316 2606 Romulo
337 2548 368 2604 in
389 2547 502 2605 deorum
524 2564 639 2606 numero
654 2547 792 2606 collocato
807 2547 873 2620 iam,
897 2552 1051 2620 antequam
1064 2546 1156 2606 fastos
1171 2547 1318 2620 conderet,

200 2644 303 2704 Ouidio
314 2646 411 2702 notam
422 2644 509 2704 tuisse
525 2645 721 2705 demonstrant
734 2661 831 2703 versus
846 2646 905 2703 806
920 2661 984 2718 sqq.
995 2643 1063 2702 libri
1078 2644 1321 2718 quattuordecimi

199 2741 471 2814 metamorphoseon.

279 2838 380 2912 Neque
390 2839 494 2912 minus,
509 2858 582 2914 quae
597 2841 636 2899 de
647 2839 834 2913 Equirriis
849 2838 983 2897 alteris
994 2839 1111 2898 Ovidius
1122 2840 1159 2898 ad
1170 2840 1252 2898 Mart.
1268 2840 1317 2898 14.

201 2936 292 3006 docet,
320 2931 360 2994 'ad
390 2937 482 2996 Verrii
513 2938 710 2995 auctoritatem
741 2935 838 2994 referri
868 2939 991 3009 possunt
1021 2937 1134 2996 collatis
1165 2938 1211 2995 his
1242 2936 1317 2996 locis

200 3033 286 3092 Pauli
296 3051 324 3108 p.
336 3034 390 3090 81:
413 3034 554 3109 ‘Equiria:
574 3035 643 3107 ludi,
658 3051 728 3108 quos
739 3033 875 3092 Romulus
885 3034 970 3091 Marti
984 3035 1111 3093 instituit
1120 3053 1171 3110 por
1182 3051 1316 3108 equorum

199 3148 325 3203 cursum,
349 3131 398 3204 qui
419 3131 451 3188 in
472 3149 572 3206 campo
593 3133 695 3190 Martio
717 3130 943 3203 exercebantur),
968 3132 997 3190 et
1016 3149 1043 3205 p.
1068 3134 1140 3192 131:
1162 3132 1313 3191 ‘Martialis

201 3245 318 3303 campus
339 3229 370 3287 in
392 3229 487 3289 Coelio
509 3231 604 3289 monte
625 3229 735 3301 dicitur,
758 3228 833 3302 qued
852 3229 884 3286 in
905 3246 937 3288 eo
957 3229 1076 3302 llquiria
1096 3230 1229 3290 solebant
1247 3229 1317 3302 fieri,

201 3327 227 3385 si
250 3326 364 3400 quando
385 3343 476 3400 aquas
491 3327 601 3385 Tiberis
623 3344 754 3401 campum
769 3326 903 3384 Martium
917 3328 1120 3400 occupassent.¹
1136 3329 1315 3402 compostae

200 3425 294 3484 verbis
314 3424 361 3483 ΙΠ
382 3426 555 3483 517-522:

322 3564 478 3581 ......
500 3521 590 3580 altera
609 3516 756 3596 g'rramineo
776 3522 920 3596 spectabis
940 3521 1073 3596 Equirria
1094 3539 1202 3596 campo,

363 3636 447 3693 quem
468 3619 579 3678 Tiberis
601 3621 693 3679 curvis
714 3617 746 3677 in
766 3620 842 3677 latus
863 3621 965 3694 urguet
985 3619 1076 3692 aquis.

322 3715 372 3789 qui
391 3719 487 3775 tamen
508 3718 598 3776 eiecta
618 3719 643 3776 si
664 3717 735 3776 forte
755 3717 898 3776 tenebitur
911 3716 996 3788 unda,

363 3813 474 3873 Ocelim
496 3815 619 3889 accipiet
637 3815 849 3890 pulverulentus
871 3832 966 3889 equos.

204 3911 256 3989 (cf.
278 3911 309 3970 H
329 3912 387 3970 857
409 3929 473 3985 sqq.
495 3913 529 3972 de
549 3913 688 3986 Equirriis
708 3911 873 3989 prioribus.)
895 3945 933 3956 -

286 4008 363 4082 Loci,
389 4024 459 4084 quos
486 4010 579 4070 adhuc
601 4027 633 4069 er
660 4009 752 4068 Verrii
778 4010 1010 4084 epitomatoribus
1031 4008 1124 4083 attuli,
1144 4025 1207 4068 cum
1228 4023 1319 4068 anne-
