2994 4816
623 313 840 375 -46-

176 489 346 559 secunda,
372 505 444 561 quae
465 489 496 546 in
517 488 596 548 Festi
616 489 679 547 loco
701 488 735 545 de
757 488 833 547 Maio
855 505 940 562 supra
965 489 1108 562 exscripto
1135 489 1288 547 invenitur.

176 585 272 643 Tertia
293 588 387 645 autem
407 603 549 660 nusquam
569 589 716 658 praeterea
731 588 973 646 commemoratur.

257 684 334 753 Quae
365 683 507 742 mensium
538 684 796 757 interpretationes,
828 700 891 742 cum
921 684 1085 742 simillimae
1111 684 1171 742 sint
1198 701 1295 743 aarum

175 781 314 853 notarum,
336 798 408 854 quas
422 782 454 840 in
468 781 553 840 fastis
567 782 668 840 Praen.
684 782 787 840 Martio
802 781 952 855 Aprilique
966 781 1106 854 praefixas
1121 783 1291 852 invenimus,

175 895 233 937 non
254 878 366 951 dubito,
394 879 463 952 quin
490 879 522 937 in
549 879 609 938 illis
637 896 748 953 quoque
774 880 917 953 quondam
942 879 1100 950 extiterint,
1125 879 1161 938 ab
1190 879 1292 938 Ouidio

176 977 271 1033 autem
289 992 349 1034 una
368 991 432 1034 cum
452 975 494 1033 eis
508 976 757 1049 explicationibus,
777 995 849 1051 quas
863 978 981 1051 iusuper
993 977 1087 1048 habet,
1108 977 1295 1037 emaioribus

177 1073 270 1132 Verrii
290 1074 388 1132 Flacci
409 1073 493 1132 fastis
513 1073 634 1133 haustae
654 1075 723 1134 siut.

258 1171 383 1229 Litterae
405 1171 438 1241 Q.
461 1170 514 1230 ST.
536 1171 571 1228 D.
592 1172 630 1245 F,
659 1191 731 1246 quae
752 1173 784 1230 in
804 1171 1006 1246 hemerologiis
1027 1173 1064 1229 ad
1084 1173 1154 1230 Jun.
1179 1174 1224 1232 15.
1247 1173 1298 1230 ad·

183 1266 359 1340 scribuntur,
379 1269 558 1342 explicantur
578 1286 595 1327 a
616 1269 706 1330 Paulo
726 1288 756 1344 p.
777 1271 852 1328 259:
893 1269 1021 1338 ‘Quando
1042 1271 1150 1327 stercus
1171 1270 1297 1329 delatum

178 1365 238 1424 fas:
269 1367 366 1427 eodem
386 1368 469 1426 modo
492 1365 547 1442 (sc.
564 1385 619 1442 quo
634 1368 668 1438 Q.
682 1367 715 1426 R.
731 1367 760 1425 C.
775 1365 825 1442 F.)
846 1367 877 1424 in
898 1365 982 1424 fastis
1003 1367 1118 1424 notatur
1138 1367 1213 1438 dies,
1241 1385 1297 1441 quo

178 1466 287 1522 stercus
308 1467 446 1540 purgatur
466 1465 502 1523 ab
529 1465 599 1523 aede
626 1463 760 1536 Vestae’,
787 1466 816 1522 et
840 1481 858 1521 a
878 1464 963 1524 Festo
993 1465 1295 1538 praenotandum

179 1563 348 1621 Mommseni
368 1563 577 1622 restitutionem
599 1561 659 1621 ΟΠ,
681 1562 696 1619 Ι
716 1577 745 1634 p.
767 1563 848 1633 367):

628 1659 759 1736 [Quando
780 1658 901 1736 ste]rcus
924 1660 1048 1718 delatum
1068 1659 1112 1718 fas
1130 1677 1177 1719 eo·

300 1756 375 1836 [dem
396 1758 479 1817 modo
500 1757 637 1816 infestis
658 1759 773 1816 notatur
794 1757 883 1834 di]es,
914 1757 964 1831 qui
984 1758 1053 1816 talis
1074 1759 1178 1828 estut

304 1854 379 1932 [cum
419 1857 554 1930 purgetur
598 1855 678 1913 aedis
719 1855 835 1932 Vestae]
864 1857 1029 1929 stercusque
1056 1856 1087 1914 in
1116 1855 1299 1914 011001000-

300 1952 464 2028 [pitolinum
496 1951 637 2010 deferatur
662 1952 744 2010 nefas
773 1951 831 2029 sit]
855 1969 919 2012 cum
940 1953 970 2011 id
990 1953 1097 2012 factum
1118 1952 1157 2010 sit

302 2049 378 2126 [fas]

259 2147 341 2206 Adde
361 2147 441 2206 Festi
460 2146 547 2206 rerba
566 2165 595 2221 p.
617 2148 690 2206 344:
718 2149 841 2207 ‘Stercus
863 2165 896 2206 ex
917 2149 985 2208 aede
1006 2149 1111 2210 Vestae
1132 2147 1222 2207 XVII.
1243 2148 1298 2206 cal.

180 2245 240 2304 Jul.
262 2244 392 2303 defertur’
421 2247 473 2304 cet.
503 2248 588 2319 atque
614 2245 694 2304 Festi
715 2246 855 2320 Paulique
882 2247 1083 2306 annotationes
1112 2261 1135 2302 s.
1157 2261 1187 2308 v.
1205 2261 1298 2318 penus

181 2342 225 2420 (p.
247 2344 306 2402 250
327 2343 407 2420 sq).
438 2344 605 2402 Doctrinam
631 2344 679 2402 bis
699 2343 771 2402 locis
798 2344 938 2416 prolatam
960 2343 1157 2418 complectitur
1179 2341 1298 2402 Ovidius

181 2441 222 2500 VI
243 2442 301 2499 713
322 2458 366 2514 sq.

342 2539 422 2597 Haec
443 2542 487 2598 est
507 2539 559 2598 illa
580 2539 650 2611 dies,
671 2555 728 2612 qua
748 2540 780 2595 tu
800 2540 971 2612 purgamina
993 2539 1105 2610 Vestae,

395 2636 511 2710 Thybri,
533 2655 583 2711 per
602 2637 738 2696 Ftruscas
758 2635 790 2693 in
810 2651 887 2692 mare
907 2636 998 2694 mittis
1020 2653 1119 2709 aquas.

185 2733 237 2811 (cf.
253 2735 310 2792 227
333 2732 394 2810 sq.)

264 2830 376 2904 Optime
411 2831 514 2890 deinde
548 2830 623 2888 inter
656 2847 688 2890 se
722 2831 907 2888 consentiunt
940 2829 1019 2888 Festi
1048 2830 1134 2888 verba
1167 2847 1196 2903 p.
1231 2831 1299 2889 149:

184 2928 370 2987 ‘Minusculae
391 2930 581 3003 quinquatrus
602 2927 785 3002 appellantur
804 2927 869 2985 idus
883 2927 961 2998 Jun,
982 2927 1057 2999 quod
1078 2927 1104 2986 is
1126 2927 1187 2986 dies
1209 2927 1299 2986 festus

185 3028 228 3086 est
248 3027 406 3099 tibicinum,
429 3027 478 3100 qui
499 3027 597 3085 colunt
618 3026 781 3097 Minervam,
803 3025 883 3083 cuius
904 3025 973 3083 deae
993 3026 1105 3098 proprie
1126 3024 1217 3083 festus
1238 3024 1299 3082 dies

184 3127 228 3184 est
249 3125 441 3199 Quinquatrus
462 3141 559 3183 mense
580 3123 701 3183 11101110.1
724 3123 775 3198 (cf.
799 3122 880 3181 Paul.
901 3140 929 3196 p.
955 3121 1040 3196 148),
1068 3139 1131 3180 cum
1159 3123 1201 3182 eis
1227 3139 1299 3196 quae

185 3223 303 3282 Ovidius
317 3223 384 3281 inde
399 3240 417 3280 a
430 3239 456 3279 v.
472 3223 529 3281 651
545 3220 612 3280 libri
626 3221 699 3278 sexti
721 3221 761 3278 de
783 3219 1077 3293 Quinquatribus
1098 3220 1299 3278 minoribus

183 3321 280 3380 tradit.
322 3321 424 3379 Confer
444 3319 583 3394 imprimis
603 3337 647 3378 vv.
669 3318 842 3376 651-654:

345 3418 383 3476 Et
403 3417 461 3476 iam
484 3417 679 3490 Quinquatrus
700 3414 798 3472 iubeor
818 3429 932 3472 narrare
952 3413 1088 3470 minores:

397 3530 474 3572 nurrc
496 3513 564 3571 ades
585 3532 601 3574 o
623 3513 741 3587 coeptis,
762 3512 836 3570 flava
849 3512 985 3582 Minerva,
1006 3510 1086 3568 meis.

343 3613 407 3671 ‘Cur
426 3629 517 3686 vagus
537 3610 646 3670 incedit
664 3612 727 3668 tota
746 3609 855 3666 tibicen
876 3608 907 3666 in
927 3606 1018 3667 urbe?

398 3709 466 3784 quid
487 3710 544 3768 sibi
564 3724 711 3782 personae,
732 3706 800 3782 quid
821 3706 896 3764 stola
909 3705 996 3780 longo
1011 3705 1140 3766 volunti’

188 3904 305 3963 Paulus.
345 3904 387 3980 (v.
409 3903 538 3962 Muelleri
558 3905 656 3960 notam
671 3903 708 3960 ad
722 3903 741 3961 1.
758 3900 799 3977 c.)
835 3903 912 3971 Quae
927 3919 991 3960 cum
1005 3901 1046 3959 ita
1060 3901 1121 3960 sint
1134 3901 1302 3960 Merkelium

187 4003 224 4061 ad
250 4019 331 4060 suam
357 4003 520 4076 opinionem
548 4001 701 4058 adductum
728 4015 790 4056 esse
818 3999 938 4058 arbitror
958 3999 1013 4057 hac
1034 3998 1097 4057 sola
1118 4015 1214 4071 causa,
1234 3998 1303 4072 quia

192 4098 315 4158 Varrone
336 4099 477 4174 imprimis
498 4098 630 4158 Ovidium
650 4113 733 4154 usum
755 4113 818 4154 esse
839 4095 896 4154 sibi
919 4096 1116 4170 persuasisset.
