2994 4816
651 321 872 382 ..30-

205 494 276 554 lium
290 494 326 552 ab
341 497 458 568 utroque
473 513 515 567 ea,
536 513 608 569 quae
622 496 743 554 maxime
758 497 910 569 placerent
925 496 1074 570 exscripta,
1087 493 1199 566 reliqua
1213 491 1322 551 omissa

206 608 268 650 esse
288 573 442 651 verisimile
464 595 516 652 est.
765 658 767 662 ,

284 690 312 747 4.
335 691 371 748 ad
392 690 460 764 dpr.
482 692 531 748 21.
572 691 763 752 Mommseuus
791 692 825 749 de
851 690 1035 750 annotatione
1056 688 1194 748 fastorum
1214 689 1318 748 Praen.

205 787 349 845 Parilibus
371 787 522 862 adscripta,
545 805 629 862 quarn
649 789 691 846 ita
711 788 848 846 reddidit:

257 873 260 878 ’
365 884 551 963 Ple](ilia)

418 985 462 1041 est

417 1079 478 1138 dae.
514 1080 619 1158 Qu[are
640 1082 733 1139 autern
753 1080 867 1140 hoodie
882 1121 1029 1138 .......
1044 1079 1105 1155 per]

416 1178 499 1252 ignes
520 1177 701 1256 tran[siliant
721 1220 1078 1236 ................
1095 1176 1105 1252 ]

420 1276 562 1350 principio
584 1275 668 1352 an[ni
689 1275 836 1349 pastoricii
839 1317 1079 1333 ...........
1095 1272 1105 1349 ]
1159 1269 1161 1274 ”
1231 1273 1233 1276 ’

416 1373 563 1447 redigitur.

205 1469 276 1527 haec
307 1470 441 1529 disseruit
471 1472 502 1544 (l.
524 1487 549 1528 c.
570 1488 598 1544 p.
621 1467 710 1545 391):
751 1470 802 1528 ‘Ex
832 1471 920 1544 longa
947 1471 1038 1529 Verrii
1069 1469 1254 1528 adnotatione
1286 1469 1322 1527 de

206 1567 344 1626 Parilium
365 1569 475 1643 origine
495 1567 654 1639 ritibusque
679 1583 786 1639 paucae
812 1568 923 1626 litterae
952 1585 1023 1642 qnae
1050 1568 1246 1632 remanserunt
1265 1567 1321 1626 hoc

205 1667 359 1726 ostendunt
387 1668 508 1724 extremo
537 1664 630 1737 capite
661 1681 724 1722 euru
756 1666 920 1738 exposuisse
951 1666 984 1723 de
1016 1667 1084 1724 nota
1115 1666 1321 1724 consuetudine

204 1764 348 1822 Parilibus
368 1765 412 1821 ter
432 1780 482 1837 per
502 1762 625 1834 stipulas
647 1779 782 1821 accensas
809 1763 1004 1835 transiliendi,
1033 1763 1135 1822 deinde
1163 1764 1258 1838 egisse
1286 1763 1321 1821 de

205 1879 280 1920 anno
306 1861 473 1936 pastoricio,
501 1859 550 1934 qui
577 1861 610 1918 ut
634 1877 766 1934 prospere
793 1862 917 1920 eveniret
943 1878 1025 1919 sacra
1052 1861 1123 1918 haec
1149 1859 1320 1920 obibantur.’

206 1960 360 2033 Utrumque
382 1959 499 2017 Ovidius
521 1975 632 2032 quoque
653 1961 852 2018 commemorat
872 1959 912 2018 IV
927 1962 1001 2017 727:

345 2059 419 2114 certe
440 2073 492 2131 ego
514 2055 650 2114 transilui
670 2055 780 2129 positas
803 2057 845 2114 ter
866 2056 898 2114 in
920 2057 1016 2114 ordine
1038 2055 1174 2128 flammas,

205 2155 233 2211 et
254 2155 311 2212 781
333 2170 376 2227 sq.

343 2267 463 2324 moxque
483 2267 534 2324 per
554 2251 686 2308 ardentes
707 2249 830 2324 stipulae
852 2249 1018 2324 crepitantis
1040 2267 1154 2310 acervos

402 2348 519 2406 traicias
541 2348 625 2407 celeri
645 2349 761 2407 strenua
781 2349 905 2407 membra
925 2349 1004 2422 pede,

203 2462 285 2520 porro
307 2447 365 2505 775
387 2463 430 2518 sq.

344 2561 416 2616 quae
436 2560 541 2618 precor,
563 2541 704 2613 eveniant
727 2543 755 2599 et
775 2558 828 2601 nos
849 2542 988 2602 faciamus
1010 2546 1046 2603 ad
1068 2561 1174 2604 annum

394 2642 540 2715 pastorum
561 2640 693 2699 dominae
714 2640 836 2714 grandia
856 2640 1000 2700 libaPali.

283 2737 393 2798 Deinde
422 2745 516 2797 autern
544 2737 673 2796 conferas
700 2737 780 2796 Festi
806 2737 892 2796 verba
920 2738 964 2816 (p.
990 2741 1048 2798 237
1071 2760 1105 2783 =
1126 2739 1207 2798 Paul.
1227 2737 1320 2814 236);

204 2835 356 2894 ‘Parilibus
376 2836 474 2894 urbem
495 2835 623 2894 condidit
643 2835 795 2906 Romulus,
824 2852 907 2908 quem
934 2836 1008 2895 diern
1035 2836 1139 2895 festum
1166 2836 1318 2910 praecipue

203 2933 348 2992 habebant
368 2933 510 2993 iuniores!
539 2951 602 2992 curn
628 2931 728 2990 Ovidio
749 2932 790 2990 IV
818 2933 877 2991 806
904 2950 967 3008 sqq.
1009 2933 1064 2993 Sed
1091 2937 1184 2993 utrum
1210 2935 1321 2993 Parilia

189 3025 241 3089 'an
266 3031 373 3089 Palilia
400 3031 581 3090 scribendum
608 3032 695 3101 esset,
737 3030 812 3102 quod
846 3031 974 3090 Verrium
1008 3031 1176 3091 disseruisse
1210 3031 1319 3090 Paulus

203 3128 248 3204 (p.
263 3129 331 3186 222.
346 3128 382 3187 cf.
397 3129 473 3188 Fest.
488 3148 517 3204 p.
532 3130 591 3189 245
606 3127 668 3205 eq.)
681 3131 810 3200 testatur,
830 3131 915 3203 poeta
935 3145 986 3188 sue
1007 3129 1066 3188 iure
1087 3146 1146 3188 non
1166 3130 1314 3190 laboravit.

283 3227 310 3284 5.
333 3225 370 3283 ad
391 3227 459 3299 Apr.
482 3227 530 3284 23.
552 3225 583 3284 in
603 3225 690 3284 fastis
711 3227 813 3286 Praen.
836 3228 927 3284 extat:

286 3323 439 3402 vinalia)
454 3324 473 3381 J
475 3323 544 3400 o[vi]

475 3422 505 3478 M

475 3515 542 3593 ded[
558 3561 681 3578 ......
696 3519 757 3579 vini
778 3519 960 3598 omuislnovi
980 3519 1167 3578 libamentum
1187 3520 1264 3598 Jovi]

476 3617 669 3674 consecratum
691 3617 755 3694 [est
776 3635 839 3677 curn
860 3617 958 3676 Latini
978 3602 1053 3677 bello
1073 3618 1193 3696 preme]

302 3714 398 3772 rentur
419 3713 455 3772 ab
477 3712 600 3785 Rutulis,
621 3714 689 3786 quia
709 3716 864 3774 Mezentius
885 3733 934 3773 rex
953 3714 1160 3792 Etru[eco]rnrn

302 3811 508 3886 paciscebatur,
529 3811 556 3869 si
577 3811 705 3872 subsidio
726 3814 860 3886 venisset,
882 3813 1008 3873 omnium
1023 3828 1160 3870 annorum

301 3909 365 3968 vini
385 3908 515 3968 fructum.

282 4007 327 4065 En
351 4006 440 4065 habes
469 4007 587 4065 eandem
613 4007 753 4078 fabulam,
779 4025 863 4082 quarn
888 4006 1006 4066 Ovidius
1034 4008 1070 4066 ad
1100 4008 1219 4067 eundern
1244 4009 1319 4068 diem

204 4104 245 4163 IV
271 4105 430 4163 879-900
456 4104 551 4162 tradit.
604 4104 704 4178 Neque
730 4104 862 4166 abhorret
889 4105 925 4163 ab
954 4104 1012 4178 eis,
1041 4122 1113 4178 quae
1132 4105 1201 4166 fasti
1215 4107 1317 4167 Praen.
