2994 4816
690 320 909 380 ..20-

239 496 284 554 vel
305 495 527 569 explicationem
554 495 656 552 addere
677 495 791 552 Verrius
817 493 956 567 neglexit,
981 494 1051 550 haec
1077 510 1135 550 una
1161 494 1197 550 ed
1223 494 1304 550 Mart.
1330 497 1358 552 7.

239 594 384 667 insculpta
404 595 503 652 restat·

421 689 432 766 [
454 735 462 750 .
483 735 491 748 .
512 690 644 767 Vedilovi
665 691 735 747 artis
757 689 890 748 Vediovis
911 689 986 746 inter
1007 688 1060 745 dno

597 789 686 858 lucos,

239 887 343 960 quibus
364 887 457 944 verbis
480 887 608 960 quamvis
631 883 769 956 corruptis
782 880 807 958 ¹)
836 885 933 940 tamen
961 883 1059 940 eadem
1087 883 1247 956 significari
1264 885 1357 956 atque

239 985 333 1042 Ovidii
354 985 484 1042 versibus
505 984 630 1042 111429
653 999 712 1054 sq:

450 1113 514 1176 Una
535 1119 604 1176 nota
625 1117 668 1174 est
690 1114 775 1172 Marti
796 1115 890 1185 nonis,
912 1117 1024 1173 sacrata
1039 1115 1114 1187 quod
1128 1115 1188 1171 illis

513 1216 620 1288 templa
640 1214 744 1287 putant
764 1213 843 1270 lucos
866 1212 998 1271 Vediovis
1021 1214 1087 1270 ante
1109 1213 1187 1271 dnos.

239 1349 296 1406 iam
319 1367 406 1422 supra
435 1349 477 1426 (p.
508 1353 534 1406 7.
564 1347 609 1425 2.)
631 1345 917 1407 commemoravimus.

319 1465 456 1524 Versibus
478 1467 580 1536 autem,
602 1464 652 1536 qui
673 1463 837 1534 sequuntur,
865 1463 950 1534 poeta
970 1462 1091 1534 primum
1113 1462 1147 1519 de
1169 1463 1255 1534 asylo,
1278 1464 1357 1535 quod

238 1562 374 1621 Romulus
402 1563 499 1621 eodem
525 1562 588 1619 loco
614 1560 689 1618 inter
714 1559 784 1617 duos
811 1559 891 1617 lucos
919 1561 1041 1632 apamit,
1070 1561 1171 1618 deinde
1197 1560 1232 1618 de
1257 1563 1356 1618 statua

237 1661 372 1720 Vediovis
402 1661 434 1717 in
465 1659 572 1732 templo
603 1657 653 1715 illo
686 1657 834 1728 collocata,
865 1658 925 1714 tum
957 1658 991 1715 de
1013 1658 1128 1716 nornine
1150 1658 1193 1716 dei
1216 1659 1351 1732 loquitur.

238 1759 361 1828 Quarum
381 1775 474 1816 rerum
494 1756 614 1828 primam
634 1771 704 1827 puer
726 1756 799 1812 certe
821 1755 897 1826 apud
923 1755 985 1812 ludi
1015 1756 1182 1830 magistrum
1215 1756 1353 1828 discebat,

237 1857 364 1928 alteram,
385 1857 509 1913 statuam
531 1854 602 1924 dico,
624 1853 868 1926 quotienscunque
888 1853 1009 1924 volebat,
1031 1853 1146 1926 ipsein
1169 1855 1276 1930 templo
1303 1855 1355 1912 ad-

237 1953 346 2026 spicere
367 1953 489 2025 1111111.
529 1951 607 2020 Quae
627 1965 691 2007 vero
720 1949 754 2006 de
775 1949 900 2006 nominis
921 1949 1013 2008 forma
1033 1953 1119 2024 atque
1140 1952 1352 2026 significatione

235 2050 357 2123 profert,
397 2048 503 2106 nullius
540 2047 698 2106 doctrinam
733 2048 857 2120 produnt
882 2048 940 2105 nisi
971 2048 1097 2106 eiusdem
1125 2051 1216 2107 Verrii
1243 2051 1349 2123 Flacci,

237 2149 360 2206 auctoris
382 2147 518 2206 fastorum
539 2148 642 2204 Praen.
684 2145 798 2203 Etenim
820 2147 894 2218 apud
917 2146 1045 2218 Paulum,
1074 2147 1123 2220 qui
1148 2148 1236 2219 Festi,
1262 2149 1352 2220 epito-

236 2245 353 2303 matoris
368 2245 468 2316 Verrii,
489 2245 577 2304 libros
600 2245 634 2302 de
655 2244 802 2304 verborum
816 2243 1028 2318 significatione
1044 2245 1191 2318 excerpsit,
1214 2246 1352 2318 scriptum

235 2343 362 2401 videmus
384 2342 428 2419 (p.
451 2345 508 2400 379
530 2340 657 2417 Muell.):
689 2341 812 2401 ‘Vesculi
833 2343 907 2400 male
922 2343 1011 2400 curati
1027 2345 1054 2400 11
1068 2343 1190 2416 graciles
1206 2345 1347 2402 homines.

236 2442 277 2500 Ve
301 2441 377 2499 enim
399 2440 538 2514 syllabam
560 2439 602 2496 rei
621 2456 725 2511 parvae
738 2440 960 2512 praeponebant,
981 2441 1057 2497 unde
1078 2441 1211 2499 Veiovem
1232 2459 1350 2514 parvum

235 2540 336 2597 Jovem
351 2540 379 2596 et
391 2536 562 2611 vegrandem
576 2536 673 2593 fabam
687 2537 826 2594 minutam
841 2537 994 2596 dicebant.
1037 2537 1089 2616 (cf.
1111 2539 1227 2595 Festum
1248 2557 1276 2611 p.
1293 2540 1351 2597 372

235 2637 412 2709 Paulumque
421 2653 449 2707 p.
462 2637 519 2692 373
532 2651 553 2692 s.
566 2651 591 2692 v.
600 2633 767 2710 vegrande.)
791 2635 907 2692 Ovidius
922 2636 1016 2692 autern
1028 2636 1107 2693 canit
1117 2635 1164 2692 HI
1174 2631 1350 2694 ssu-448:

393 2787 477 2844 Nunc
498 2801 581 2844 vocor
602 2785 638 2841 ad
659 2803 770 2844 nomen.
790 2786 945 2860 vegrandia
966 2785 1042 2843 farra
1064 2787 1167 2858 coloni,

445 2901 516 2957 quae
538 2883 612 2940 male
634 2883 786 2953 creverunt,
807 2899 946 2956 vescaque
967 2900 1054 2956 parva
1075 2886 1188 2943 vocant.

395 2983 438 3041 vis
461 3000 494 3039 ea
515 2983 541 3039 si
561 2982 640 3040 verbi
661 2982 711 3050 est,
734 2996 783 3038 cur
802 2997 861 3038 non
883 2997 934 3054 ego
956 2981 1089 3040 Vediovis
1111 2983 1209 3040 aedem

450 3079 547 3136 eedem
568 3095 627 3137 non
648 3079 747 3152 magni
768 3079 896 3151 suspicer
916 3095 978 3136 esse
1000 3078 1103 3139 Jovis?
1125 3115 1162 3122 —

314 3232 350 3289 In
371 3231 502 3290 omnibus
524 3231 618 3288 autem
639 3229 705 3288 aliis
719 3229 791 3287 locis
807 3227 834 3287 et
848 3229 924 3302 apud
938 3230 1066 3288 Verrium
1081 3231 1109 3288 et
1123 3232 1199 3304 apud
1213 3231 1347 3292 Ovidium

234 3331 346 3402 praeter
356 3328 491 3387 fastorum
503 3328 680 3403 publicorum
692 3329 776 3385 notas
788 3327 1001 3400 explicationes,
1016 3346 1088 3401 quae
1099 3332 1348 3403 grammaticorum

317 3522 342 3601 1)
353 3524 502 3595 „Fortasse
516 3523 602 3580 ‘artis’
620 3524 779 3594 corruptum
796 3525 839 3580 est
858 3539 892 3580 ex
913 3522 1011 3580 ‘aedis’
1028 3524 1187 3597 exciditque
1202 3529 1348 3598 praetcrea

233 3622 391 3679 dedicata.
433 3621 509 3678 Ante
531 3619 666 3679 ‘Vediovi’
688 3620 812 3693 spatium
840 3621 958 3694 requirit
972 3621 1056 3678 alia.“
1093 3621 1134 3678 ait
1155 3623 1347 3683 Mommsenus

234 3718 264 3783 (l.
278 3735 301 3776 c.
314 3736 341 3791 p.
358 3717 431 3795 388)
446 3718 559 3776 reiectis
574 3718 692 3776 aliorum
708 3717 888 3776 coniecturis.
931 3719 1011 3788 Quod
1025 3723 1090 3792 post
1104 3736 1167 3778 eum
1182 3721 1347 3780 Huschkius

235 3817 297 3888 (1.1.
309 3833 337 3888 p.
354 3817 421 3888 248,
443 3817 501 3875 not.
527 3813 598 3891 126)
618 3816 755 3873 tentavit:

315 3913 393 3989 [(hoc
416 3913 475 3988 die)
499 3912 531 3969 fit
552 3912 625 3989 atra]
648 3913 692 3972 ovi
714 3914 744 3970 in
766 3914 822 3970 aris
844 3914 975 3974 Vediovis
997 3914 1071 3972 inter
1093 3913 1187 3992 duo[s]
1210 3917 1288 3976 lucos

233 4027 329 4068 vereor
359 4029 395 4069 ne
426 4008 534 4068 nemini
566 4011 695 4082 anideat,
728 4012 776 4084 qui
807 4029 887 4070 usum
919 4013 1053 4086 loquendi
1079 4012 1215 4072 fastorum
1243 4015 1346 4075 Praen.

234 4109 406 4182 cognoverit.
