2994 4816
250 1379 322 1492 De
358 1378 503 1492 fastis
538 1373 707 1493 Verrii
742 1373 903 1492 Flaoai
938 1379 1000 1492 ab
1036 1379 1209 1496 Ouidio

598 1555 846 1670 adhibitis,

246 1813 322 1884 Quin
349 1815 382 1872 P.
409 1813 527 1874 Ovidius
554 1813 634 1874 Naso
663 1813 694 1872 in
724 1811 863 1872 fastorum
893 1813 977 1874 libris
1008 1814 1165 1874 condendis
1196 1815 1280 1876 fastis

162 1911 290 1986 publicis
316 1911 416 1985 populi
446 1912 568 1971 Romani
599 1928 617 1968 a
648 1910 677 1970 O.
709 1910 789 1970 Julio
821 1910 940 1972 (laesere
972 1913 1109 1974 dictatore
1140 1915 1280 1979 ordinatis

162 2013 302 2083 tanquam
322 2010 411 2068 totius
432 2009 525 2083 operis
546 2009 731 2070 fundamento
752 2023 821 2068 nous
842 2011 924 2081 esset
945 2010 1055 2072 nemini
1075 2027 1202 2086 unquam
1230 2013 1281 2074 dn·

165 2108 244 2166 bium
271 2107 334 2166 fuit.
377 2108 439 2178 Qua
465 2125 496 2166 re
527 2124 586 2166 non
617 2108 768 2166 eontentus
800 2105 966 2180 audolphus
997 2098 1209 2183 Marianus,
1238 2112 1282 2170 uir

163 2205 357 2279 doctissimus,
380 2207 461 2264 onius
478 2221 542 2264 eum
555 2203 639 2263 fastis
654 2202 803 2264 Ouidianis
828 2203 981 2264 coniuncte
994 2206 1134 2266 honorata
1147 2210 1282 2272 memoria

165 2321 276 2378 semper
295 2304 432 2376 manebit,
451 2303 560 2377 primns
581 2301 672 2360 fastos
693 2300 788 2360 Ouidii
808 2302 982 2375 temporibus
1002 2303 1148 2376 lapidibus
1162 2304 1280 2380 incisos,

165 2403 216 2475 qni
236 2402 320 2462 nobis
342 2401 501 2462 conservati
522 2401 597 2471 sunt,
618 2400 810 2472 perscrutatus
832 2399 1063 2473 Mafieianos,
1084 2419 1156 2474 quos
1169 2405 1282 2477 vooant,

167 2501 193 2558 si
218 2517 277 2559 non
303 2501 383 2574 ipsos
410 2499 440 2556 et
460 2499 534 2556 oerte
560 2497 709 2556 ‘brevitate
735 2497 764 2554 et
788 2497 920 2556 instituto
950 2515 1036 2572 quam
1062 2499 1233 2560 simillimos’
1263 2518 1281 2560 a

165 2599 250 2670 poeta
270 2598 427 2658 illustratos
449 2613 512 2655 esse
531 2597 562 2655 in
575 2595 784 2669 prolegomenis
799 2595 934 2654 editionis
949 2612 1017 2654 suae
1032 2595 1175 2672 (Berolini
1194 2598 1279 2656 1841.

165 2694 362 2768 philis.)
390 2695 517 2752 evinoere
543 2694 660 2752 studuit.
702 2693 796 2764 Atque
820 2692 875 2750 hae
902 2710 955 2751 sua
976 2694 1111 2766 opinione
1135 2697 1279 2768 permotus

165 2793 253 2867 signa
274 2795 395 2864 exarata,
418 2809 489 2865 quae
509 2792 541 2850 hi
560 2792 630 2850 lasti
651 2791 688 2848 ad
708 2790 839 2864 singulos
861 2790 922 2848 dies
942 2790 1058 2862 babent,
1085 2792 1208 2866 singulis
1235 2810 1282 2851 ea·

166 2891 274 2962 pitibus
307 2891 442 2948 carminis
474 2889 569 2948 Ovidii
599 2889 630 2947 in
652 2888 776 2947 editione
810 2905 863 2948 sua
892 2888 1004 2948 minore
1039 2887 1171 2964 (Lipsiae
1206 2891 1282 2964 apud

166 2985 360 3064 Teubnerum)
386 2987 559 3061 praeposuit.
615 2985 655 3044 Hi
686 2988 780 3044 autem
804 2987 874 3046 fasti
902 2985 1050 3044 Maffeiani
1080 2990 1222 3060 postremo
1254 2990 1282 3047 et

166 3087 275 3159 optime
296 3103 313 3143 a
334 3085 509 3144 Mommseno
531 3083 591 3143 OIL
612 3083 627 3140 Ι
647 3101 676 3156 p,
699 3085 757 3142 303
778 3101 841 3156 sqq.
865 3084 933 3143 editi
960 3083 1035 3142 nihil
1060 3087 1198 3157 praebent
1223 3086 1281 3145 nisi

165 3183 278 3242 litteras
299 3183 471 3241 nundinales
492 3184 521 3240 et
548 3181 655 3240 dierum
680 3181 798 3240 nomina
822 3183 961 3256 notasque
991 3181 1029 3258 (p
1051 3183 1080 3245 N
1100 3185 1139 3244 Ν)
1160 3184 1214 3244 ΕΝ
1236 3183 1280 3262 O),

168 3281 272 3355 quibus
293 3297 356 3338 raro
378 3282 406 3337 et
425 3280 591 3338 brevissime
612 3278 680 3350 ludi,
701 3294 792 3351 saera,
814 3279 873 3336 alia
893 3279 1038 3353 adscripta
1061 3285 1138 3341 sunt.
1180 3282 1281 3342 Ouidio

135 3419 138 3424 -
166 3379 262 3453 igitur,
282 3379 315 3436 ut
334 3377 401 3435 inde
423 3395 456 3436 ex
475 3377 530 3436 heo
550 3376 735 3436 fundamento
756 3377 962 3450 angustissimo
990 3395 1062 3452 opus
1091 3397 1174 3439 suum
1199 3380 1282 3438 uber-

165 3477 268 3534 rimum
294 3476 454 3546 exstrueret,
475 3474 566 3532 multa
587 3477 615 3532 et
641 3475 720 3532 varia
746 3474 864 3532 materia
889 3475 1005 3536 aliunde
1030 3477 1062 3534 in
1086 3493 1167 3534 nsum
1199 3492 1282 3536 snum

166 3572 337 3632 eonferenda
363 3573 431 3630 erat.
482 3572 572 3642 Quam
602 3573 677 3632 unde
708 3572 864 3646 petivisset,
895 3572 970 3632 idem
1001 3574 1152 3632 Merkelius
1183 3573 1282 3632 eodem
1348 3568 1349 3572 ’

167 3669 229 3729 loeo
249 3670 358 3744 primus
385 3669 525 3744 singulari
552 3670 682 3729 doctrina
709 3671 738 3728 et
765 3670 927 3732 admirabili
953 3670 1106 3744 diligentia
1130 3669 1282 3744 inquisivit

167 3768 252 3838 atque
274 3767 329 3826 sibi
349 3767 493 3841 persuasit
518 3769 632 3840 poetam
657 3769 761 3828 multos
787 3769 816 3826 et
842 3767 935 3826 varios
961 3767 1111 3826 multorum
1137 3769 1282 3826 auctorum

167 3864 255 3924 libros
277 3865 383 3924 adiisse
405 3867 433 3923 et
454 3882 548 3923 eorum
569 3865 699 3925 doetrina
718 3865 864 3938 tabellam,
886 3882 971 3938 quam
999 3865 1100 3938 postea
1121 3866 1282 3938 exponeret,

167 3961 225 4022 sibi
245 3963 408 4022 adornasse.

249 4060 362 4131 Omnes,
384 4062 433 4133 qui
453 4063 519 4135 post
538 4061 705 4120 Merkelinm
727 4059 821 4120 Ouidii
842 4061 933 4120 fastos
948 4061 1147 4133 uocauerunt,
1160 4059 1282 4134 pedibus

166 4159 279 4224 iverunt¹
305 4159 337 4216 in
364 4157 443 4218 illins
470 4160 651 4219 sententiam.
693 4159 828 4229 Quamvis
856 4159 932 4220 enim
960 4157 994 4230 ai,
1019 4157 1069 4232 qui
1099 4159 1134 4218 de
1154 4157 1283 4218 fontibus

1072 4255 1087 4308 l
