2994 4816
627 377 844 436 -51-

261 551 315 610 Sed
341 551 411 609 haee
437 550 584 610 haetenus.
647 552 721 610 Nam
749 563 917 626 quamquam
946 549 1021 608 haud
1049 549 1108 608 seio
1140 567 1176 607 an
1208 547 1290 622 plura

180 649 308 724 exempla
339 649 433 707 afferri
463 649 585 722 possint,
617 649 711 707 tamen
742 648 816 706 nihil
846 647 913 706 novi
944 648 985 706 eis
1008 647 1116 706 elucere
1138 643 1289 717 arbitror.¹)

181 751 273 820 Quare
295 750 330 807 ad
352 765 400 808 eos
420 747 516 820 potius
536 748 615 806 locos
629 748 780 817 transeam,
802 746 905 820 quibus
919 747 1072 804 Merkelius
1088 748 1116 804 et
1129 746 1291 804 HueIsenus

181 847 297 906 adducti
311 847 386 918 sunt,
400 847 432 904 ut
442 844 533 903 Verrii
548 845 705 904 doctrinam
720 846 756 904 ab
768 845 868 903 Ovidio
884 845 1053 919 exscriptam
1068 861 1130 904 esse
1145 844 1292 918 negarent.

181 946 357 1018 Quamquam
379 944 413 1001 de
433 943 577 1016 plerisque
598 960 691 1000 eorum
712 943 835 1003 locorum
850 944 907 1000 iam
923 944 1008 1001 antea
1022 943 1200 1002 occasionem
1215 941 1293 1003 nacti

179 1045 299 1116 egimus.
1051 1046 1059 1065 ¹

260 1141 356 1199 Exeo
382 1143 488 1212 antem,
517 1140 592 1213 quod
618 1139 692 1212 apud
713 1137 833 1196 Paulum
860 1139 995 1214 seriptum
1024 1141 1152 1198 videmus
1173 1156 1200 1212 p.
1225 1139 1293 1194 102:

183 1239 296 1298 ‘Hostia
317 1239 399 1298 dieta
416 1236 459 1298 est
479 1239 516 1297 ab
537 1254 584 1310 eo,¹
600 1237 675 1310 quod
694 1238 737 1295 est
756 1236 863 1295 hostire
879 1237 979 1296 ferire!
994 1238 1069 1311 apud
1085 1237 1216 1296 Ovidium
1229 1252 1293 1296 vere

179 1338 274 1396 1336
316 1391 317 1394 ,
1037 1389 1040 1395 .

407 1434 538 1494 hostibus
560 1451 578 1490 a
598 1431 713 1491 domitis
733 1430 829 1491 hostia
849 1450 952 1492 nomen
973 1434 1067 1506 habet,

183 1533 309 1592 nondum
324 1533 510 1591 demonstrari
521 1531 648 1590 Verrium
661 1530 804 1590 aNasone
817 1533 922 1590 lectum
936 1549 994 1590 non
1009 1549 1071 1590 esse
1082 1549 1118 1589 ne
1129 1529 1295 1588 Merkelium

182 1631 295 1705 quidem
316 1630 406 1704 fugit,
434 1630 538 1703 quippe
567 1629 630 1703 qui,
658 1646 828 1702 quamquam
854 1630 924 1688 haee
952 1632 981 1688 et
1001 1630 1108 1688 similia
1129 1628 1295 1686 discrimina

187 1728 346 1804 congessit,
367 1729 462 1786 tamen
484 1728 558 1786 levia
577 1728 649 1785 talia
670 1727 756 1786 dieat.
778 1728 804 1799 ss.
819 1745 843 1786 e.
858 1745 886 1800 p.
902 1727 995 1804 0111.)
1037 1728 1185 1786 Mittamus
1206 1727 1296 1800 igitur

183 1828 298 1888 omnino
319 1827 390 1884 haee
410 1826 497 1896 levia,
526 1843 560 1882 ne
582 1825 674 1883 dicam
697 1824 804 1898 futilia,
825 1828 910 1898 atque
932 1843 979 1885 eos
1002 1826 1078 1884 solos
1098 1826 1177 1884 looos
1198 1842 1295 1883 reeen-

186 1942 314 1996 seamuer,
342 1924 446 1997 quibus
474 1923 626 1980 dissentire
652 1925 747 1996 aperte
775 1923 905 1982 Ovidium
933 1927 961 1982 et
987 1923 1114 1983 Verrium
1141 1923 1295 1982 bierkelius

182 2024 297 2082 iudicat.
348 2022 471 2092 Quorum
501 2023 607 2094 primos
638 2023 681 2080 vir
715 2023 815 2080 doetus
851 2021 903 2079 hos
942 2021 1036 2080 affert:
1088 2023 1145 2082 ‘Oa
1163 2022 1225 2079 ¹III
1256 2018 1294 2079 95

343 2217 500 2277 Carmentis
521 2219 619 2290 portae
641 2217 752 2276 dextra
773 2218 817 2276 est
836 2217 883 2275 ria
904 2218 1032 2290 proxima
1046 2219 1066 2276 J
1071 2235 1144 2276 ano:

395 2316 436 2373 ire
456 2332 507 2388 per
527 2315 603 2372 hano
624 2316 691 2387 noli,
714 2315 844 2390 quisquis
867 2331 910 2373 es:
933 2333 1015 2375 omen
1037 2315 1155 2377 habet*

344 2414 400 2472 Illa
420 2412 497 2471 fama
517 2412 602 2472 refert
623 2414 728 2472 Fabios
750 2413 842 2472 exisse
863 2415 1013 2488 trecentos,

175 2615 213 2671 et
232 2627 372 2685 ponamus
393 2609 524 2668 Ovidium
546 2611 579 2667 de
601 2612 717 2669 senatus
739 2611 868 2670 consulto
896 2611 946 2669 illo
976 2611 1006 2668 in
1034 2611 1103 2670 aede
1123 2611 1194 2670 Jani
1214 2608 1298 2682 facto,

186 2710 259 2783 quod
280 2710 381 2769 Festus
403 2709 480 2768 solus
501 2710 712 2780 commemorat,
737 2709 871 2784 inversu
892 2709 997 2767 amisso
1018 2710 1142 2768 locutum
1164 2725 1234 2767 esse.
1258 2741 1299 2776 -,

188 2809 296 2868 'lamen
318 2807 468 2879 quominus
489 2805 560 2877 haee
581 2807 677 2864 animo
698 2805 797 2864 fidenti
819 2805 963 2880 affirmem,
985 2808 1124 2880 impedior
1145 2807 1298 2866 dubitatio·

188 2905 274 2965 nibus
302 2907 347 2964 sat
374 2904 522 2978 gravibus,
549 2921 620 2978 quas
649 2904 680 2962 (i.
703 2904 737 2962 A.
759 2905 867 2962 Becker
888 2907 987 2964 eontra
1012 2906 1087 2964 hane
1112 2923 1209 2966 versus
1231 2907 1299 2964 201.

185 3004 339 3062 leetionem
353 3004 449 3063 morit.
492 3003 550 3081 (De
565 3002 670 3061 Romae
683 3001 786 3061 veteris
800 3002 888 3060 muria
903 3004 988 3077 atque
1002 3005 1100 3076 portis.
1129 3005 1196 3078 Lps.
1216 3005 1300 3062 1842.

186 3119 215 3175 p.
238 3101 275 3158 71
298 3117 342 3174 sq.
384 3101 499 3160 Handb.
522 3101 548 3159 d.
570 3087 640 3160 rdm.
661 3100 859 3158 Alterthdmer.
900 3097 915 3158 Ι
936 3120 964 3176 p.
990 3104 1044 3161 137
1071 3105 1125 3176 sq.)
1148 3101 1197 3159 ¹Is
1224 3101 1300 3159 enim

186 3216 307 3258 assensu
340 3199 465 3257 omnium
496 3200 607 3272 praeter
637 3199 801 3256 Merkelium
833 3197 984 3271 praecipue
1014 3198 1077 3258 loco
1108 3198 1182 3257 hirii
1209 3198 1299 3256 1149

176 3297 278 3356 *fretus
310 3299 352 3356 ita
384 3313 445 3355 oum
476 3295 576 3370 paneis
608 3297 636 3353 et
667 3295 852 3354 deterioribus
885 3295 1030 3360 codicibus
1061 3297 1212 3371 legendum
1239 3313 1301 3356 esse

93 3465 97 3473 1
187 3396 351 3455 constituit:

240 3501 242 3506 '
347 3493 504 3552 Carmentis
525 3495 622 3567 portae
644 3494 753 3551 dextre
775 3495 818 3550 est
838 3493 886 3551 via
905 3494 1033 3568 proxima
1053 3495 1140 3554 iano.

175 3642 177 3646 .
191 3591 330 3662 Quoniam
346 3594 439 3650 autem
454 3591 560 3650 eisdem
576 3590 804 3650 dubitationibus
815 3592 957 3651 Beckerus
972 3593 1127 3664 adducitur,
1141 3593 1301 3650 ut'Festum

173 3690 287 3750 '‘Verrii
308 3691 394 3749 verba
415 3691 448 3750 de
478 3691 544 3750 iano
570 3691 668 3763 portae
688 3689 835 3762 prodentis
857 3691 893 3748 ad
913 3692 1050 3765 templum
1070 3691 1141 3749 Jani
1161 3690 1301 3750 retulisse’

189 3791 277 3862 putet,
300 3790 412 3849 etiamsi
433 3790 493 3848 eius
515 3788 659 3848 sententia
679 3788 821 3862 probatur,
849 3789 1002 3848 verisimile
1029 3791 1072 3848 est
1092 3789 1183 3848 Verrii
1205 3789 1302 3847 eristi-

188 3888 342 3946 mationem
364 3888 399 3946 ab
422 3888 522 3947 Ouidio
543 3888 597 3946 hoa
617 3887 687 3946 looo'
701 3887 838 3962 praeberi.

237 4033 239 4040 Α
273 3983 292 4058 ¹)
317 3985 353 4045 In
374 3988 539 4044 transcursu
560 3985 674 4058 quidem
695 4001 839 4044 moneam:
860 3985 967 4048 Paulus
987 3985 1302 4058 perarmemus

193 4086 222 4144 et
242 4085 291 4144 Ov.
313 4085 338 4144 V
359 4086 530 4155 wil-260,
557 4082 638 4140 Paul.
660 4101 687 4156 p.
710 4085 748 4141 87
770 4100 793 4142 s.
815 4102 841 4142 v.
862 4082 958 4140 fabam
986 4084 1014 4140 et
1041 4082 1090 4142 Ov.
1103 4085 1137 4148 ¹V
1157 4085 1216 4144 436
1238 4102 1302 4160 sqq.

189 4183 221 4242 II
243 4185 310 4243 576.
1033 4191 1035 4196 ’
1159 4213 1165 4225 ·

1040 4334 1042 4338 ,
1112 4279 1144 4336 4*
