2994 4816
592 336 852 414 -19--γ

139 507 201 566 diei
227 508 312 578 atque
347 522 364 564 a
394 507 478 578 poeta
505 506 680 580 adscriptum
712 511 764 567 est.
819 509 895 568 Nam
927 509 1116 570 Octavianum
1149 514 1264 574 nomine

142 604 269 679 Augusti
298 603 473 677 appellatum
505 621 576 676 esse,
608 606 683 678 quod
714 607 751 664 ad
781 606 849 665 Jen.
881 608 925 664 16.
967 607 1059 666 Verrii
1089 611 1159 670 nota
1188 616 1263 670 recte

140 703 236 774 tradit,
265 701 383 760 Ovidius
411 702 448 759 ad
473 703 537 760 idus
558 703 626 761 Jarr.
649 704 663 780 ί
669 703 729 782 13.)
749 705 867 764 rettulit.
910 704 965 762 Sed
984 705 1010 763 si
1029 706 1177 781 utrimque
1205 710 1262 768 diei

139 803 224 860 notas
252 799 283 856 in
304 797 388 857 fastis
409 799 511 859 Praen.
534 817 597 859 cum
618 801 746 860 Nasonis
766 803 860 861 verbis
881 818 1085 875 comparamus,
1110 806 1181 864 haec
1202 809 1262 866 effi-

138 903 265 961 ciuntur:

138 1001 177 1058 ad
197 1002 265 1060 Jan.
290 1001 333 1058 13.
354 1004 385 1063 in
409 995 606 1054 Praenestinis
633 996 741 1054 tabulis
762 999 819 1056 est:

232 1100 342 1157 Corona
363 1092 486 1170 quern[a
505 1092 546 1150 uti
569 1109 654 1165 snper
673 1093 789 1151 ianuam
811 1095 910 1153 domus
931 1095 1004 1168 Imp.
1027 1095 1171 1177 Caesaris]

221 1194 345 1270 Augusti
364 1190 528 1269 poner[etnr
548 1191 665 1249 senatus
687 1191 818 1263 decrerit,
840 1195 915 1267 quod
935 1213 994 1254 rem
1015 1195 1182 1277 publicam]

221 1297 254 1354 P.
276 1295 309 1353 R.
331 1288 486 1368 rest[i]tui[
501 1287 522 1365 .]

141 1398 170 1454 ot
190 1396 227 1454 ad
247 1395 315 1452 Jan.
340 1392 401 1448 16.:

141 1493 214 1566 Imp.
223 1491 327 1551 Caesar
334 1486 495 1566 [Augustus
510 1485 555 1543 est
568 1484 769 1563 a]ppell[a]tus
784 1486 848 1559 ipso
858 1487 915 1547 VH
929 1491 957 1547 et
967 1489 1112 1568 Agriplpa
1121 1490 1169 1548 III
1181 1491 1255 1568 cos]

142 1607 260 1667 Ovidius
289 1604 383 1662 antem
410 1601 505 1660 1587
527 1616 590 1674 sqq.
614 1603 766 1674 postquam
788 1603 883 1662 idibus
904 1605 971 1663 Jan.
994 1606 1197 1679 rempublicam
1210 1607 1257 1664 ab

148 1704 305 1764 Octaviano
327 1699 433 1774 populo
447 1698 575 1791 Romano
596 1699 736 1757 redditam
751 1703 779 1758 et
794 1695 941 1760 Caesarem
956 1704 1080 1777 Augusti
1094 1704 1264 1778 cognomine

147 1803 279 1862 ornatum
300 1815 364 1857 esse
387 1797 525 1870 exposuit,
545 1796 592 1854 his
613 1797 741 1855 versibus
763 1797 838 1874 (613
860 1799 938 1875 sqq.)
959 1803 1084 1873 perorat:

1053 1897 1217 1976 (luppiter)

264 1976 368 2052 augeat
390 1975 540 2048 imperium
562 1975 653 2033 nostri
674 1976 763 2048 ducis,
786 1979 890 2050 augeat
910 1995 1010 2050 annos,

323 2075 457 2147 protegat
478 2075 506 2130 et
525 2074 634 2130 vestras
656 2091 789 2147 querna
811 2075 1050 2148 coronatores,
1071 2093 1106 2134 e.
1119 2093 1146 2149 q.
1168 2093 1192 2134 s.

141 2175 271 2247 Apparet
297 2172 386 2246 igitur
407 2171 443 2228 ab
465 2169 566 2228 Ouidio
588 2170 619 2227 in
639 2171 832 2246 hemerologio
854 2189 905 2231 suo
927 2174 964 2230 ad
984 2174 1051 2231 Jarr.
1077 2175 1121 2232 13.
1144 2173 1263 2232 eandem

142 2274 240 2330 notam
262 2285 325 2328 esse
346 2269 458 2339 lectam,
480 2284 565 2341 quam
587 2267 679 2326 adhuc
693 2266 763 2326 fasti
777 2269 879 2328 Praen.
894 2272 1084 2329 servaverunt.
1120 2271 1261 2340 Quacum

143 2369 213 2428 nota
242 2365 391 2440 aptissime
420 2365 592 2438 coniungere
618 2365 719 2437 potuit,
750 2382 823 2438 quae
846 2369 932 2442 paulo
957 2367 1033 2426 infra
1057 2369 1093 2425 ad
1118 2369 1186 2427 Jan.
1213 2369 1259 2426 16.

142 2466 224 2540 legit,
253 2464 288 2523 ob
317 2481 379 2522 eam
409 2479 533 2533 causam,
554 2462 623 2536 quia
647 2479 691 2521 res
713 2463 801 2536 ipsae,
830 2482 902 2538 quae
928 2466 976 2523 his
1002 2465 1078 2525 notis
1106 2465 1263 2537 traduntur,

143 2563 286 2622 artissime
317 2561 392 2620 inter
419 2579 450 2620 se
472 2561 630 2620 cohaerent.
673 2561 787 2620 Etenim
805 2579 857 2636 pro
878 2564 1018 2636 potestate
1039 2562 1153 2620 senatui
1172 2579 1263 2635 popu-

142 2662 228 2736 loque
254 2660 382 2719 Romano
414 2659 524 2718 reddita
556 2661 584 2716 et
615 2677 773 2734 cognomen
803 2661 928 2735 Augusti
960 2663 988 2719 et
1018 2677 1123 2719 corona
1154 2678 1262 2734 querna

145 2759 259 2818 Caesari
288 2757 447 2817 Octauiano
473 2758 586 2815 decreta
612 2758 687 2814 sunt.
739 2757 840 2830 Itaque
866 2777 959 2833 neque
990 2759 1159 2833 persuadere
1191 2759 1262 2818 mihi

143 2874 268 2931 possum,
289 2857 403 2929 poetam
425 2873 458 2913 er
478 2855 535 2914 alio
558 2871 613 2928 quo
634 2855 712 2914 fonte
727 2856 897 2930 comperisse
911 2856 1007 2914 idibus
1021 2856 1088 2914 Jan.
1104 2856 1261 2915 Octaviano

144 2973 247 3014 nomen
269 2954 394 3028 Augusti
420 2969 482 3010 esse
509 2953 642 3024 inditum,
669 2970 722 3011 nec
743 2954 917 3012 Mommseno
945 2951 980 3030 (l.
1003 2971 1027 3012 c.
1048 2970 1077 3026 p.
1099 2952 1173 3030 384)
1195 2971 1263 3013 con-

147 3053 245 3112 cedam
267 3055 379 3122 ‘crrorq
405 3051 456 3108 sed
477 3050 647 3108 ercusabili’
669 3053 765 3110 omnia
785 3053 857 3110 haec
878 3053 914 3110 ad
939 3053 1003 3110 idus
1024 3069 1088 3110 eum
1108 3053 1261 3111 rettulisse.

145 3151 236 3208 Immo
258 3151 321 3208 sine
342 3148 403 3206 nlla
424 3147 601 3206 dubitatione
616 3148 839 3207 confirmaverim
853 3151 936 3208 notas
951 3149 1048 3208 eodem
1063 3150 1154 3222 modo,
1176 3151 1260 3223 atque

96 3311 99 3318 .
144 3248 238 3306 adhuc
258 3247 290 3306 in
312 3247 414 3304 Praen.
436 3247 541 3316 extant,
570 3246 601 3303 in
623 3247 683 3304 snis
705 3247 789 3306 fastis
810 3247 920 3326 duobus
941 3247 1042 3306 diebus
1064 3247 1224 3320 adscriptas
1245 3264 1262 3304 a

144 3345 261 3404 Nasone
283 3344 413 3403 consulto
435 3345 597 3402 contractas
619 3359 689 3402 esse.
713 3377 751 3386 -

225 3443 290 3500 Jam
323 3459 396 3515 quae
428 3441 521 3499 adhuc
553 3442 682 3501 constare
714 3441 798 3501 nobis
832 3441 894 3500 visa
924 3443 999 3514 sint,
1034 3443 1261 3516 complectamur.

145 3539 263 3598 Ovidius
291 3555 349 3597 non
375 3540 458 3598 modo
487 3539 585 3597 eodem
616 3537 727 3597 delectu
758 3539 888 3599 notarum
913 3539 1051 3598 fastorum
1076 3538 1262 3612 publicorum,

145 3638 195 3711 qni
216 3637 247 3694 in
268 3636 352 3695 fastis
369 3637 469 3695 Praen.
490 3638 574 3708 extat
595 3652 678 3694 usum
699 3653 771 3708 asse,
793 3637 844 3694 sed
865 3637 951 3696 etiam
972 3639 1003 3695 in
1023 3637 1171 3694 nonnullis
1188 3635 1260 3696 locis

145 3736 200 3794 has
221 3735 298 3794 solas
319 3737 403 3797 notas
424 3735 456 3793 in
477 3734 602 3792 carmine
624 3733 771 3792 condendo
797 3734 961 3794 adhibuisse
982 3735 1059 3794 videt
1093 3779 1100 3793 .

227 3832 363 3890 Graviora
387 3849 451 3892 uero
479 3849 513 3889 ea
538 3833 619 3902 sunt,
646 3847 717 3902 quae
745 3831 782 3888 ad
810 3831 901 3892 fastos
928 3833 1113 3890 illustrandos
1143 3833 1260 3892 Ouidius

147 3929 317 4003 Verriusque
349 3929 514 3988 attulerunt.
566 3929 653 4002 Quae,
683 3931 715 3987 ut
741 3931 802 3988 erat
826 3930 1010 4003 propositum,
1042 3932 1172 3988 accurate
1203 3930 1261 3990 iam

147 4028 378 4101 contemplemur.

232 4125 312 4183 Inter
332 4125 418 4182 notas
440 4141 473 4182 ex
487 4123 572 4183 fastis
586 4123 711 4197 publicis
725 4127 862 4199 sumptas,
884 4123 986 4197 quibus
1000 4123 1261 4199 interpretationem

1047 4222 1082 4273 2*
