<?xml version="1.0" encoding="UTF-8"?>
<!DOCTYPE html PUBLIC "-//W3C//DTD XHTML 1.0 Transitional//EN"
    "http://www.w3.org/TR/xhtml1/DTD/xhtml1-transitional.dtd">
<html xmlns="http://www.w3.org/1999/xhtml" xml:lang="en" lang="en">
 <head>
  <title>
</title>
<meta http-equiv="Content-Type" content="text/html;charset=utf-8" />
  <meta name='ocr-system' content='tesseract 3.04.00' />
  <meta name='ocr-capabilities' content='ocr_page ocr_carea ocr_par ocr_line ocrx_word'/>
</head>
<body>
  <div class='ocr_page' id='page_1' title='image "./defastisveriifl00wintgoog_0020.png"; bbox 0 0 2994 4816; ppageno 0'>
   <div class='ocr_carea' id='block_1_1' title="bbox 631 416 847 476">
    <p class='ocr_par' dir='ltr' id='par_1_1' title="bbox 631 416 847 476">
     <span class='ocr_line' id='line_1_1' title="bbox 631 416 847 476; baseline -0.009 -16"><span class='ocrx_word' id='word_1_1' title='bbox 631 416 847 476; x_wconf 77' lang='lat'>..11-</span> 
     </span>
    </p>
   </div>
   <div class='ocr_carea' id='block_1_2' title="bbox 179 587 1344 4276">
    <p class='ocr_par' dir='ltr' id='par_1_2' title="bbox 179 587 1300 1836">
     <span class='ocr_line' id='line_1_2' title="bbox 183 587 1300 664; baseline -0.002 -16"><span class='ocrx_word' id='word_1_2' title='bbox 183 591 238 661; x_wconf 91' lang='lat' dir='ltr'><strong>tur,</strong></span> <span class='ocrx_word' id='word_1_3' title='bbox 259 591 383 660; x_wconf 86' lang='lat' dir='ltr'><strong>autres,</strong></span> <span class='ocrx_word' id='word_1_4' title='bbox 406 605 478 662; x_wconf 89' lang='lat' dir='ltr'><strong>quae</strong></span> <span class='ocrx_word' id='word_1_5' title='bbox 499 589 536 648; x_wconf 93' lang='lat' dir='ltr'><strong>ad</strong></span> <span class='ocrx_word' id='word_1_6' title='bbox 556 589 614 650; x_wconf 80' lang='lat' dir='ltr'><strong>re&#39;m</strong></span> <span class='ocrx_word' id='word_1_7' title='bbox 634 589 780 664; x_wconf 82' lang='lat' dir='ltr'><strong>publicam</strong></span> <span class='ocrx_word' id='word_1_8' title='bbox 800 588 958 648; x_wconf 83' lang='lat' dir='ltr'><strong>Romanam</strong></span> <span class='ocrx_word' id='word_1_9' title='bbox 983 587 1150 661; x_wconf 90' lang='lat' dir='ltr'><strong>domumque</strong></span> <span class='ocrx_word' id='word_1_10' title='bbox 1174 587 1300 662; x_wconf 74' lang='lat' dir='ltr'><strong>Augusti</strong></span> 
     </span>
     <span class='ocr_line' id='line_1_3' title="bbox 185 685 1299 762; baseline -0.002 -18"><span class='ocrx_word' id='word_1_11' title='bbox 185 687 281 762; x_wconf 90' lang='lat' dir='ltr'><strong>aliquo</strong></span> <span class='ocrx_word' id='word_1_12' title='bbox 304 689 385 746; x_wconf 92' lang='lat' dir='ltr'><strong>erant</strong></span> <span class='ocrx_word' id='word_1_13' title='bbox 404 689 557 746; x_wconf 89' lang='lat' dir='ltr'><strong>momento.</strong></span> <span class='ocrx_word' id='word_1_14' title='bbox 598 687 660 758; x_wconf 82' lang='lat' dir='ltr'><strong>Qua</strong></span> <span class='ocrx_word' id='word_1_15' title='bbox 681 688 712 746; x_wconf 90' lang='lat' dir='ltr'><strong>in</strong></span> <span class='ocrx_word' id='word_1_16' title='bbox 732 688 813 760; x_wconf 89' lang='lat' dir='ltr'><strong>parte</strong></span> <span class='ocrx_word' id='word_1_17' title='bbox 834 685 971 745; x_wconf 85' lang='lat' dir='ltr'><strong>fastorum</strong></span> <span class='ocrx_word' id='word_1_18' title='bbox 991 686 1093 744; x_wconf 81' lang='lat' dir='ltr'><strong>Praeti.</strong></span> <span class='ocrx_word' id='word_1_19' title='bbox 1109 685 1239 760; x_wconf 87' lang='lat' dir='ltr'><strong>proprius</strong></span> <span class='ocrx_word' id='word_1_20' title='bbox 1255 687 1299 743; x_wconf 90' lang='lat' dir='ltr'><strong>est</strong></span> 
     </span>
     <span class='ocr_line' id='line_1_4' title="bbox 179 783 1298 858; baseline -0.002 -14"><span class='ocrx_word' id='word_1_21' title='bbox 179 783 272 844; x_wconf 77' lang='lat' dir='ltr'><strong>Verrii</strong></span> <span class='ocrx_word' id='word_1_22' title='bbox 293 784 419 842; x_wconf 87' lang='lat' dir='ltr'><strong>delectus</strong></span> <span class='ocrx_word' id='word_1_23' title='bbox 440 786 578 856; x_wconf 89' lang='lat' dir='ltr'><strong>notarum,</strong></span> <span class='ocrx_word' id='word_1_24' title='bbox 610 801 682 858; x_wconf 92' lang='lat' dir='ltr'><strong>quas</strong></span> <span class='ocrx_word' id='word_1_25' title='bbox 704 785 808 858; x_wconf 79' lang='lat' dir='ltr'><strong>dignas</strong></span> <span class='ocrx_word' id='word_1_26' title='bbox 830 801 892 843; x_wconf 87' lang='lat' dir='ltr'><strong>esse</strong></span> <span class='ocrx_word' id='word_1_27' title='bbox 913 783 1041 858; x_wconf 76' lang='lat' dir='ltr'><strong>putabat,</strong></span> <span class='ocrx_word' id='word_1_28' title='bbox 1062 799 1134 856; x_wconf 88' lang='lat' dir='ltr'><strong>quae</strong></span> <span class='ocrx_word' id='word_1_29' title='bbox 1156 800 1190 840; x_wconf 90' lang='lat' dir='ltr'><strong>ex</strong></span> <span class='ocrx_word' id='word_1_30' title='bbox 1202 783 1298 856; x_wconf 90' lang='lat' dir='ltr'><strong>publi·</strong></span> 
     </span>
     <span class='ocr_line' id='line_1_5' title="bbox 182 879 1298 956; baseline -0.002 -16"><span class='ocrx_word' id='word_1_31' title='bbox 182 881 224 940; x_wconf 90' lang='lat' dir='ltr'><strong>cis</strong></span> <span class='ocrx_word' id='word_1_32' title='bbox 246 881 330 940; x_wconf 85' lang='lat' dir='ltr'><strong>fastis</strong></span> <span class='ocrx_word' id='word_1_33' title='bbox 351 882 384 939; x_wconf 92' lang='lat' dir='ltr'><strong>in</strong></span> <span class='ocrx_word' id='word_1_34' title='bbox 402 897 469 940; x_wconf 88' lang='lat' dir='ltr'><strong>suos</strong></span> <span class='ocrx_word' id='word_1_35' title='bbox 489 883 691 956; x_wconf 77' lang='lat' dir='ltr'><strong>reciperentur.</strong></span> <span class='ocrx_word' id='word_1_36' title='bbox 713 881 871 940; x_wconf 87' lang='lat' dir='ltr'><strong>-Altera</strong></span> <span class='ocrx_word' id='word_1_37' title='bbox 897 898 962 940; x_wconf 89' lang='lat' dir='ltr'><strong>vero</strong></span> <span class='ocrx_word' id='word_1_38' title='bbox 987 897 1054 956; x_wconf 88' lang='lat' dir='ltr'><strong>pars</strong></span> <span class='ocrx_word' id='word_1_39' title='bbox 1080 879 1298 939; x_wconf 77' lang='lat' dir='ltr'><strong>annotationum</strong></span> 
     </span>
     <span class='ocr_line' id='line_1_6' title="bbox 181 977 1298 1054; baseline -0.001 -17"><span class='ocrx_word' id='word_1_40' title='bbox 181 979 213 1037; x_wconf 89' lang='lat' dir='ltr'><strong>in</strong></span> <span class='ocrx_word' id='word_1_41' title='bbox 234 979 323 1038; x_wconf 90' lang='lat' dir='ltr'><strong>solius</strong></span> <span class='ocrx_word' id='word_1_42' title='bbox 344 979 436 1039; x_wconf 85' lang='lat' dir='ltr'><strong>Verrii</strong></span> <span class='ocrx_word' id='word_1_43' title='bbox 458 978 543 1038; x_wconf 87' lang='lat' dir='ltr'><strong>fastis</strong></span> <span class='ocrx_word' id='word_1_44' title='bbox 564 981 693 1052; x_wconf 89' lang='lat' dir='ltr'><strong>occurrit,</strong></span> <span class='ocrx_word' id='word_1_45' title='bbox 714 979 921 1054; x_wconf 79' lang='lat' dir='ltr'><strong>explicationes</strong></span> <span class='ocrx_word' id='word_1_46' title='bbox 942 979 1005 1038; x_wconf 89' lang='lat' dir='ltr'><strong>dico</strong></span> <span class='ocrx_word' id='word_1_47' title='bbox 1020 981 1152 1038; x_wconf 86' lang='lat' dir='ltr'><strong>notarum</strong></span> <span class='ocrx_word' id='word_1_48' title='bbox 1165 996 1199 1036; x_wconf 90' lang='lat' dir='ltr'><strong>ex</strong></span> <span class='ocrx_word' id='word_1_49' title='bbox 1213 977 1298 1036; x_wconf 88' lang='lat' dir='ltr'><strong>fastis</strong></span> 
     </span>
     <span class='ocr_line' id='line_1_7' title="bbox 180 1075 1299 1152; baseline 0 -16"><span class='ocrx_word' id='word_1_50' title='bbox 180 1075 306 1149; x_wconf 90' lang='lat' dir='ltr'><strong>publicis</strong></span> <span class='ocrx_word' id='word_1_51' title='bbox 327 1077 519 1150; x_wconf 75' lang='lat' dir='ltr'><strong>repetitarum,</strong></span> <span class='ocrx_word' id='word_1_52' title='bbox 540 1095 611 1152; x_wconf 90' lang='lat' dir='ltr'><strong>quae</strong></span> <span class='ocrx_word' id='word_1_53' title='bbox 631 1078 729 1151; x_wconf 90' lang='lat' dir='ltr'><strong>utique</strong></span> <span class='ocrx_word' id='word_1_54' title='bbox 750 1077 909 1137; x_wconf 88' lang='lat' dir='ltr'><strong>doctrinam</strong></span> <span class='ocrx_word' id='word_1_55' title='bbox 927 1076 1176 1150; x_wconf 85' lang='lat' dir='ltr'><strong>grammaticorum</strong></span> <span class='ocrx_word' id='word_1_56' title='bbox 1196 1076 1299 1136; x_wconf 85' lang='lat' dir='ltr'><strong>Roma-</strong></span> 
     </span>
     <span class='ocr_line' id='line_1_8' title="bbox 182 1173 1299 1250; baseline 0 -18"><span class='ocrx_word' id='word_1_57' title='bbox 182 1173 431 1233; x_wconf 88' lang='lat' dir='ltr'><strong>norumredolent.</strong></span> <span class='ocrx_word' id='word_1_58' title='bbox 471 1175 567 1249; x_wconf 86' lang='lat' dir='ltr'><strong>Aque</strong></span> <span class='ocrx_word' id='word_1_59' title='bbox 589 1192 761 1250; x_wconf 87' lang='lat' dir='ltr'><strong>quamquam</strong></span> <span class='ocrx_word' id='word_1_60' title='bbox 782 1174 898 1234; x_wconf 85' lang='lat' dir='ltr'><strong>Verrius</strong></span> <span class='ocrx_word' id='word_1_61' title='bbox 919 1174 1038 1232; x_wconf 92' lang='lat' dir='ltr'><strong>minime</strong></span> <span class='ocrx_word' id='word_1_62' title='bbox 1057 1174 1165 1247; x_wconf 90' lang='lat' dir='ltr'><strong>primus</strong></span> <span class='ocrx_word' id='word_1_63' title='bbox 1182 1176 1234 1246; x_wconf 89' lang='lat' dir='ltr'><strong>est,</strong></span> <span class='ocrx_word' id='word_1_64' title='bbox 1249 1173 1299 1248; x_wconf 91' lang='lat' dir='ltr'><strong>qui</strong></span> 
     </span>
     <span class='ocr_line' id='line_1_9' title="bbox 182 1270 1300 1348; baseline 0.001 -19"><span class='ocrx_word' id='word_1_65' title='bbox 182 1270 252 1329; x_wconf 91' lang='lat' dir='ltr'><strong>anni</strong></span> <span class='ocrx_word' id='word_1_66' title='bbox 270 1271 393 1330; x_wconf 89' lang='lat' dir='ltr'><strong>Romani</strong></span> <span class='ocrx_word' id='word_1_67' title='bbox 413 1271 541 1331; x_wconf 84' lang='lat' dir='ltr'><strong>tabulam</strong></span> <span class='ocrx_word' id='word_1_68' title='bbox 562 1273 761 1348; x_wconf 85' lang='lat' dir='ltr'><strong>explicandam</strong></span> <span class='ocrx_word' id='word_1_69' title='bbox 776 1272 833 1331; x_wconf 91' lang='lat' dir='ltr'><strong>sibi</strong></span> <span class='ocrx_word' id='word_1_70' title='bbox 847 1271 980 1345; x_wconf 82' lang='lat' dir='ltr'><strong>sumpsit,</strong></span> <span class='ocrx_word' id='word_1_71' title='bbox 995 1273 1092 1330; x_wconf 88' lang='lat' dir='ltr'><strong>tamen</strong></span> <span class='ocrx_word' id='word_1_72' title='bbox 1106 1271 1193 1343; x_wconf 90' lang='lat' dir='ltr'><strong>solus,</strong></span> <span class='ocrx_word' id='word_1_73' title='bbox 1208 1287 1300 1345; x_wconf 87' lang='lat' dir='ltr'><strong>quan·</strong></span> 
     </span>
     <span class='ocr_line' id='line_1_10' title="bbox 180 1367 1299 1444; baseline 0.002 -17"><span class='ocrx_word' id='word_1_74' title='bbox 180 1370 242 1428; x_wconf 90' lang='lat' dir='ltr'><strong>tum</strong></span> <span class='ocrx_word' id='word_1_75' title='bbox 267 1369 382 1441; x_wconf 89' lang='lat' dir='ltr'><strong>scimus,</strong></span> <span class='ocrx_word' id='word_1_76' title='bbox 410 1370 481 1428; x_wconf 91' lang='lat' dir='ltr'><strong>anni</strong></span> <span class='ocrx_word' id='word_1_77' title='bbox 504 1371 616 1429; x_wconf 84' lang='lat' dir='ltr'><strong>Juliani</strong></span> <span class='ocrx_word' id='word_1_78' title='bbox 645 1371 909 1444; x_wconf 88' lang='lat' dir='ltr'><strong>interpretationem</strong></span> <span class='ocrx_word' id='word_1_79' title='bbox 937 1368 996 1442; x_wconf 89' lang='lat' dir='ltr'><strong>ipsi</strong></span> <span class='ocrx_word' id='word_1_80' title='bbox 1027 1367 1135 1426; x_wconf 90' lang='lat' dir='ltr'><strong>dierum</strong></span> <span class='ocrx_word' id='word_1_81' title='bbox 1160 1369 1299 1428; x_wconf 91' lang='lat' dir='ltr'><strong>laterculo</strong></span> 
     </span>
     <span class='ocr_line' id='line_1_11' title="bbox 182 1465 1298 1546; baseline 0.003 -23"><span class='ocrx_word' id='word_1_82' title='bbox 182 1466 323 1524; x_wconf 89' lang='lat' dir='ltr'><strong>adiectam</strong></span> <span class='ocrx_word' id='word_1_83' title='bbox 336 1466 495 1540; x_wconf 84' lang='lat' dir='ltr'><strong>publicarit</strong></span> <span class='ocrx_word' id='word_1_84' title='bbox 509 1467 561 1546; x_wconf 83' lang='lat' dir='ltr'><strong>(cl.</strong></span> <span class='ocrx_word' id='word_1_85' title='bbox 583 1470 750 1541; x_wconf 84' lang='lat' dir='ltr'><strong>Mommsen,</strong></span> <span class='ocrx_word' id='word_1_86' title='bbox 772 1468 832 1528; x_wconf 74' lang='lat' dir='ltr'><strong>cin</strong></span> <span class='ocrx_word' id='word_1_87' title='bbox 853 1468 868 1525; x_wconf 95' lang='lat' dir='ltr'>I</span> <span class='ocrx_word' id='word_1_88' title='bbox 888 1485 918 1542; x_wconf 86' lang='lat' dir='ltr'><strong>p.</strong></span> <span class='ocrx_word' id='word_1_89' title='bbox 941 1465 1035 1542; x_wconf 85' lang='lat'>363.).</span> <span class='ocrx_word' id='word_1_90' title='bbox 1067 1466 1298 1540; x_wconf 80' lang='lat' dir='ltr'><strong>Agrammatico</strong></span> 
     </span>
     <span class='ocr_line' id='line_1_12' title="bbox 182 1563 1299 1641; baseline 0.003 -20"><span class='ocrx_word' id='word_1_91' title='bbox 182 1565 285 1636; x_wconf 90' lang='lat' dir='ltr'><strong>autem,</strong></span> <span class='ocrx_word' id='word_1_92' title='bbox 307 1565 357 1640; x_wconf 91' lang='lat' dir='ltr'><strong>qui</strong></span> <span class='ocrx_word' id='word_1_93' title='bbox 377 1565 431 1624; x_wconf 90' lang='lat' dir='ltr'><strong>hoc</strong></span> <span class='ocrx_word' id='word_1_94' title='bbox 451 1567 534 1625; x_wconf 92' lang='lat' dir='ltr'><strong>modo</strong></span> <span class='ocrx_word' id='word_1_95' title='bbox 548 1566 726 1641; x_wconf 87' lang='lat' dir='ltr'><strong>gravissima,</strong></span> <span class='ocrx_word' id='word_1_96' title='bbox 743 1583 815 1640; x_wconf 88' lang='lat' dir='ltr'><strong>qnae</strong></span> <span class='ocrx_word' id='word_1_97' title='bbox 831 1583 864 1626; x_wconf 90' lang='lat' dir='ltr'><strong>ex</strong></span> <span class='ocrx_word' id='word_1_98' title='bbox 878 1565 961 1624; x_wconf 85' lang='lat' dir='ltr'><strong>fastis</strong></span> <span class='ocrx_word' id='word_1_99' title='bbox 975 1563 1100 1638; x_wconf 91' lang='lat' dir='ltr'><strong>publicis</strong></span> <span class='ocrx_word' id='word_1_100' title='bbox 1115 1567 1299 1638; x_wconf 80' lang='lat' dir='ltr'><strong>excerpserat,</strong></span> 
     </span>
     <span class='ocr_line' id='line_1_13' title="bbox 183 1661 1298 1738; baseline 0.004 -20"><span class='ocrx_word' id='word_1_101' title='bbox 183 1661 388 1735; x_wconf 89' lang='lat' dir='ltr'><strong>interpretatus</strong></span> <span class='ocrx_word' id='word_1_102' title='bbox 412 1665 457 1721; x_wconf 92' lang='lat' dir='ltr'><strong>est</strong></span> <span class='ocrx_word' id='word_1_103' title='bbox 484 1665 512 1722; x_wconf 89' lang='lat' dir='ltr'><strong>et</strong></span> <span class='ocrx_word' id='word_1_104' title='bbox 541 1665 695 1738; x_wconf 91' lang='lat' dir='ltr'><strong>unicuique</strong></span> <span class='ocrx_word' id='word_1_105' title='bbox 723 1663 905 1724; x_wconf 87' lang='lat' dir='ltr'><strong>annotationi</strong></span> <span class='ocrx_word' id='word_1_106' title='bbox 932 1663 1073 1722; x_wconf 88' lang='lat' dir='ltr'><strong>suumin</strong></span> <span class='ocrx_word' id='word_1_107' title='bbox 1100 1661 1184 1720; x_wconf 85' lang='lat' dir='ltr'><strong>fastis</strong></span> <span class='ocrx_word' id='word_1_108' title='bbox 1205 1663 1298 1723; x_wconf 91' lang='lat' dir='ltr'><strong>locum</strong></span> 
     </span>
     <span class='ocr_line' id='line_1_14' title="bbox 181 1758 1085 1836; baseline 0.002 -20"><span class='ocrx_word' id='word_1_109' title='bbox 181 1758 268 1830; x_wconf 82' lang='lat' dir='ltr'><strong>dedit,</strong></span> <span class='ocrx_word' id='word_1_110' title='bbox 288 1759 380 1821; x_wconf 87' lang='lat' dir='ltr'><strong>fastos</strong></span> <span class='ocrx_word' id='word_1_111' title='bbox 402 1761 591 1822; x_wconf 91' lang='lat' dir='ltr'><strong>ordinatos</strong></span> <span class='ocrx_word' id='word_1_112' title='bbox 611 1779 673 1820; x_wconf 83' lang='lat' dir='ltr'><strong>esee</strong></span> <span class='ocrx_word' id='word_1_113' title='bbox 693 1762 752 1820; x_wconf 89' lang='lat' dir='ltr'><strong>iure</strong></span> <span class='ocrx_word' id='word_1_114' title='bbox 777 1762 883 1836; x_wconf 90' lang='lat' dir='ltr'><strong>optimo</strong></span> <span class='ocrx_word' id='word_1_115' title='bbox 905 1760 963 1819; x_wconf 88' lang='lat' dir='ltr'><strong>dici</strong></span> <span class='ocrx_word' id='word_1_116' title='bbox 982 1760 1085 1834; x_wconf 90' lang='lat' dir='ltr'><strong>potuit.</strong></span> 
     </span>
    </p>

    <p class='ocr_par' dir='ltr' id='par_1_3' title="bbox 181 1857 1309 3008">
     <span class='ocr_line' id='line_1_15' title="bbox 261 1857 1299 1932; baseline 0 -16"><span class='ocrx_word' id='word_1_117' title='bbox 261 1857 429 1932; x_wconf 85' lang='lat' dir='ltr'><strong>Exemplum</strong></span> <span class='ocrx_word' id='word_1_118' title='bbox 449 1858 587 1919; x_wconf 84' lang='lat' dir='ltr'><strong>iastomm</strong></span> <span class='ocrx_word' id='word_1_119' title='bbox 606 1861 649 1918; x_wconf 90' lang='lat' dir='ltr'><strong>ita</strong></span> <span class='ocrx_word' id='word_1_120' title='bbox 669 1859 785 1932; x_wconf 87' lang='lat' dir='ltr'><strong>abipso</strong></span> <span class='ocrx_word' id='word_1_121' title='bbox 808 1859 1002 1918; x_wconf 88' lang='lat' dir='ltr'><strong>ordinatorum</strong></span> <span class='ocrx_word' id='word_1_122' title='bbox 1022 1858 1053 1916; x_wconf 92' lang='lat' dir='ltr'><strong>iu</strong></span> <span class='ocrx_word' id='word_1_123' title='bbox 1075 1859 1173 1916; x_wconf 89' lang='lat' dir='ltr'><strong>charta</strong></span> <span class='ocrx_word' id='word_1_124' title='bbox 1187 1858 1299 1918; x_wconf 89' lang='lat' dir='ltr'><strong>scilicet</strong></span> 
     </span>
     <span class='ocr_line' id='line_1_16' title="bbox 183 1955 1298 2031; baseline 0.001 -18"><span class='ocrx_word' id='word_1_125' title='bbox 183 1956 341 2014; x_wconf 88' lang='lat' dir='ltr'><strong>atramento</strong></span> <span class='ocrx_word' id='word_1_126' title='bbox 363 1956 501 2030; x_wconf 91' lang='lat' dir='ltr'><strong>scriptum</strong></span> <span class='ocrx_word' id='word_1_127' title='bbox 521 1959 582 2016; x_wconf 89' lang='lat' dir='ltr'><strong>tum</strong></span> <span class='ocrx_word' id='word_1_128' title='bbox 603 1957 784 2031; x_wconf 87' lang='lat' dir='ltr'><strong>quadratario</strong></span> <span class='ocrx_word' id='word_1_129' title='bbox 806 1956 912 2030; x_wconf 89' lang='lat' dir='ltr'><strong>aliquo,</strong></span> <span class='ocrx_word' id='word_1_130' title='bbox 935 1956 984 2028; x_wconf 87' lang='lat' dir='ltr'><strong>qui</strong></span> <span class='ocrx_word' id='word_1_131' title='bbox 1005 1955 1113 2015; x_wconf 90' lang='lat' dir='ltr'><strong>tabulis</strong></span> <span class='ocrx_word' id='word_1_132' title='bbox 1134 1957 1298 2016; x_wconf 90' lang='lat' dir='ltr'><strong>marmoreis</strong></span> 
     </span>
     <span class='ocr_line' id='line_1_17' title="bbox 181 2051 1299 2128; baseline 0.003 -18"><span class='ocrx_word' id='word_1_133' title='bbox 181 2051 343 2128; x_wconf 86' lang='lat' dir='ltr'><strong>hemicyclii</strong></span> <span class='ocrx_word' id='word_1_134' title='bbox 378 2054 561 2128; x_wconf 88' lang='lat' dir='ltr'><strong>insculperet,</strong></span> <span class='ocrx_word' id='word_1_135' title='bbox 591 2054 719 2114; x_wconf 88' lang='lat' dir='ltr'><strong>tradidit.</strong></span> <span class='ocrx_word' id='word_1_136' title='bbox 770 2055 855 2113; x_wconf 90' lang='lat' dir='ltr'><strong>Hunc</strong></span> <span class='ocrx_word' id='word_1_137' title='bbox 887 2054 981 2111; x_wconf 90' lang='lat' dir='ltr'><strong>autem</strong></span> <span class='ocrx_word' id='word_1_138' title='bbox 1012 2054 1223 2127; x_wconf 83' lang='lat' dir='ltr'><strong>quadratarium</strong></span> <span class='ocrx_word' id='word_1_139' title='bbox 1253 2055 1299 2113; x_wconf 86' lang='lat' dir='ltr'><strong>vel</strong></span> 
     </span>
     <span class='ocr_line' id='line_1_18' title="bbox 182 2151 1299 2226; baseline 0.001 -17"><span class='ocrx_word' id='word_1_140' title='bbox 182 2167 283 2225; x_wconf 92' lang='lat' dir='ltr'><strong>operas</strong></span> <span class='ocrx_word' id='word_1_141' title='bbox 309 2153 370 2210; x_wconf 91' lang='lat' dir='ltr'><strong>eius</strong></span> <span class='ocrx_word' id='word_1_142' title='bbox 396 2152 553 2226; x_wconf 85' lang='lat' dir='ltr'><strong>exemplum</strong></span> <span class='ocrx_word' id='word_1_143' title='bbox 581 2153 672 2212; x_wconf 91' lang='lat' dir='ltr'><strong>Verrii</strong></span> <span class='ocrx_word' id='word_1_144' title='bbox 699 2153 817 2211; x_wconf 86' lang='lat' dir='ltr'><strong>minime</strong></span> <span class='ocrx_word' id='word_1_145' title='bbox 848 2152 885 2210; x_wconf 89' lang='lat' dir='ltr'><strong>ad</strong></span> <span class='ocrx_word' id='word_1_146' title='bbox 914 2151 1040 2210; x_wconf 87' lang='lat' dir='ltr'><strong>litteram</strong></span> <span class='ocrx_word' id='word_1_147' title='bbox 1066 2152 1299 2226; x_wconf 87' lang='lat' dir='ltr'><strong>transscripsisse</strong></span> 
     </span>
     <span class='ocr_line' id='line_1_19' title="bbox 183 2249 1309 2324; baseline 0.002 -18"><span class='ocrx_word' id='word_1_148' title='bbox 183 2249 268 2307; x_wconf 87' lang='lat' dir='ltr'><strong>certis</strong></span> <span class='ocrx_word' id='word_1_149' title='bbox 289 2251 464 2324; x_wconf 77' lang='lat' dir='ltr'><strong>argumentis</strong></span> <span class='ocrx_word' id='word_1_150' title='bbox 487 2251 614 2309; x_wconf 89' lang='lat' dir='ltr'><strong>ostendit</strong></span> <span class='ocrx_word' id='word_1_151' title='bbox 633 2251 836 2309; x_wconf 85' lang='lat' dir='ltr'><strong>Mommsenus.</strong></span> <span class='ocrx_word' id='word_1_152' title='bbox 866 2249 1040 2322; x_wconf 79' lang='lat' dir='ltr'><strong>‘Epitomam</strong></span> <span class='ocrx_word' id='word_1_153' title='bbox 1062 2250 1225 2324; x_wconf 90' lang='lat' dir='ltr'><strong>ceteroquin</strong></span> <span class='ocrx_word' id='word_1_154' title='bbox 1240 2263 1309 2308; x_wconf 71' lang='lat' dir='ltr'><strong>nou‘</strong></span> 
     </span>
     <span class='ocr_line' id='line_1_20' title="bbox 182 2344 1299 2422; baseline 0.003 -18"><span class='ocrx_word' id='word_1_155' title='bbox 182 2347 255 2404; x_wconf 89' lang='lat' dir='ltr'><strong>satis</strong></span> <span class='ocrx_word' id='word_1_156' title='bbox 276 2347 348 2406; x_wconf 88' lang='lat' dir='ltr'><strong>scite</strong></span> <span class='ocrx_word' id='word_1_157' title='bbox 368 2347 483 2407; x_wconf 85' lang='lat' dir='ltr'><strong>factam&#39;</strong></span> <span class='ocrx_word' id='word_1_158' title='bbox 504 2347 594 2408; x_wconf 84' lang='lat' dir='ltr'><strong>fastos</strong></span> <span class='ocrx_word' id='word_1_159' title='bbox 616 2349 717 2406; x_wconf 92' lang='lat' dir='ltr'><strong>Praen.</strong></span> <span class='ocrx_word' id='word_1_160' title='bbox 740 2347 867 2421; x_wconf 91' lang='lat' dir='ltr'><strong>appellat</strong></span> <span class='ocrx_word' id='word_1_161' title='bbox 887 2344 922 2421; x_wconf 93' lang='lat' dir='ltr'><strong>(l.</strong></span> <span class='ocrx_word' id='word_1_162' title='bbox 946 2363 969 2404; x_wconf 91' lang='lat' dir='ltr'><strong>c.</strong></span> <span class='ocrx_word' id='word_1_163' title='bbox 991 2364 1019 2420; x_wconf 94' lang='lat' dir='ltr'><strong>p.</strong></span> <span class='ocrx_word' id='word_1_164' title='bbox 1043 2345 1128 2421; x_wconf 88' lang='grc'><strong>363.)</strong></span> <span class='ocrx_word' id='word_1_165' title='bbox 1150 2350 1235 2422; x_wconf 89' lang='lat' dir='ltr'><strong>atque</strong></span> <span class='ocrx_word' id='word_1_166' title='bbox 1253 2365 1299 2408; x_wconf 90' lang='lat' dir='ltr'><strong>eo-</strong></span> 
     </span>
     <span class='ocr_line' id='line_1_21' title="bbox 183 2443 1298 2518; baseline 0.001 -16"><span class='ocrx_word' id='word_1_167' title='bbox 183 2443 246 2502; x_wconf 88' lang='lat' dir='ltr'><strong>dem</strong></span> <span class='ocrx_word' id='word_1_168' title='bbox 270 2445 334 2504; x_wconf 95' lang='lat' dir='ltr'><strong>loco</strong></span> <span class='ocrx_word' id='word_1_169' title='bbox 360 2446 402 2504; x_wconf 90' lang='lat' dir='ltr'><strong>ita</strong></span> <span class='ocrx_word' id='word_1_170' title='bbox 428 2446 461 2504; x_wconf 90' lang='lat' dir='ltr'><strong>de</strong></span> <span class='ocrx_word' id='word_1_171' title='bbox 492 2447 533 2504; x_wconf 89' lang='lat' dir='ltr'><strong>eis</strong></span> <span class='ocrx_word' id='word_1_172' title='bbox 562 2446 689 2504; x_wconf 85' lang='lat' dir='ltr'><strong>disserit:</strong></span> <span class='ocrx_word' id='word_1_173' title='bbox 718 2445 766 2504; x_wconf 86' lang='lat' dir='ltr'><strong>‘In</strong></span> <span class='ocrx_word' id='word_1_174' title='bbox 793 2445 878 2503; x_wconf 89' lang='lat' dir='ltr'><strong>fastis</strong></span> <span class='ocrx_word' id='word_1_175' title='bbox 904 2444 1006 2504; x_wconf 91' lang='lat' dir='ltr'><strong>Praen.</strong></span> <span class='ocrx_word' id='word_1_176' title='bbox 1038 2445 1150 2518; x_wconf 90' lang='lat' dir='ltr'><strong>praeter</strong></span> <span class='ocrx_word' id='word_1_177' title='bbox 1179 2445 1298 2504; x_wconf 90' lang='lat' dir='ltr'><strong>leviores</strong></span> 
     </span>
     <span class='ocr_line' id='line_1_22' title="bbox 183 2541 1298 2620; baseline 0 -20"><span class='ocrx_word' id='word_1_178' title='bbox 183 2543 302 2600; x_wconf 89' lang='lat' dir='ltr'><strong>mendas</strong></span> <span class='ocrx_word' id='word_1_179' title='bbox 315 2543 472 2616; x_wconf 91' lang='lat' dir='ltr'><strong>complures</strong></span> <span class='ocrx_word' id='word_1_180' title='bbox 483 2560 542 2603; x_wconf 92' lang='lat' dir='ltr'><strong>non</strong></span> <span class='ocrx_word' id='word_1_181' title='bbox 553 2543 646 2602; x_wconf 89' lang='lat' dir='ltr'><strong>solum</strong></span> <span class='ocrx_word' id='word_1_182' title='bbox 657 2543 831 2617; x_wconf 90' lang='lat' dir='ltr'><strong>quadratarii</strong></span> <span class='ocrx_word' id='word_1_183' title='bbox 845 2559 933 2600; x_wconf 91' lang='lat' dir='ltr'><strong>uuum</strong></span> <span class='ocrx_word' id='word_1_184' title='bbox 948 2545 1022 2600; x_wconf 88' lang='lat' dir='ltr'><strong>certe</strong></span> <span class='ocrx_word' id='word_1_185' title='bbox 1036 2542 1130 2601; x_wconf 91' lang='lat' dir='ltr'><strong>locum</strong></span> <span class='ocrx_word' id='word_1_186' title='bbox 1144 2541 1244 2619; x_wconf 88' lang='lat' dir='ltr'><strong>(Mart.</strong></span> <span class='ocrx_word' id='word_1_187' title='bbox 1256 2542 1298 2620; x_wconf 85' lang='lat'><strong>7.)</strong></span> 
     </span>
     <span class='ocr_line' id='line_1_23' title="bbox 182 2639 1298 2715; baseline 0.001 -18"><span class='ocrx_word' id='word_1_188' title='bbox 182 2639 224 2698; x_wconf 88' lang='lat' dir='ltr'><strong>ita</strong></span> <span class='ocrx_word' id='word_1_189' title='bbox 244 2643 435 2714; x_wconf 91' lang='lat' dir='ltr'><strong>corruperunt,</strong></span> <span class='ocrx_word' id='word_1_190' title='bbox 455 2643 488 2700; x_wconf 92' lang='lat' dir='ltr'><strong>ut</strong></span> <span class='ocrx_word' id='word_1_191' title='bbox 508 2642 577 2715; x_wconf 89' lang='lat' dir='ltr'><strong>quid</strong></span> <span class='ocrx_word' id='word_1_192' title='bbox 598 2642 712 2701; x_wconf 86' lang='lat' dir='ltr'><strong>Verrius</strong></span> <span class='ocrx_word' id='word_1_193' title='bbox 733 2641 775 2699; x_wconf 90' lang='lat' dir='ltr'><strong>ibi</strong></span> <span class='ocrx_word' id='word_1_194' title='bbox 800 2639 888 2699; x_wconf 92' lang='lat' dir='ltr'><strong>scribi</strong></span> <span class='ocrx_word' id='word_1_195' title='bbox 902 2640 1017 2698; x_wconf 87' lang='lat' dir='ltr'><strong>iusserit</strong></span> <span class='ocrx_word' id='word_1_196' title='bbox 1030 2657 1089 2698; x_wconf 92' lang='lat' dir='ltr'><strong>non</strong></span> <span class='ocrx_word' id='word_1_197' title='bbox 1104 2657 1298 2713; x_wconf 84' lang='lat' dir='ltr'><strong>assequamur,</strong></span> 
     </span>
     <span class='ocr_line' id='line_1_24' title="bbox 183 2737 1299 2813; baseline 0.003 -19"><span class='ocrx_word' id='word_1_198' title='bbox 183 2737 234 2796; x_wconf 90' lang='lat' dir='ltr'><strong>sed</strong></span> <span class='ocrx_word' id='word_1_199' title='bbox 255 2737 341 2797; x_wconf 88' lang='lat' dir='ltr'><strong>etiam</strong></span> <span class='ocrx_word' id='word_1_200' title='bbox 360 2738 496 2813; x_wconf 89' lang='lat' dir='ltr'><strong>pleraque</strong></span> <span class='ocrx_word' id='word_1_201' title='bbox 518 2739 702 2797; x_wconf 87' lang='lat' dir='ltr'><strong>inveniuntur</strong></span> <span class='ocrx_word' id='word_1_202' title='bbox 721 2740 781 2796; x_wconf 87' lang='lat' dir='ltr'><strong>tarn</strong></span> <span class='ocrx_word' id='word_1_203' title='bbox 802 2737 984 2808; x_wconf 91' lang='lat' dir='ltr'><strong>inconcinna,</strong></span> <span class='ocrx_word' id='word_1_204' title='bbox 1005 2739 1038 2794; x_wconf 89' lang='lat' dir='ltr'><strong>ut</strong></span> <span class='ocrx_word' id='word_1_205' title='bbox 1058 2737 1181 2810; x_wconf 88' lang='lat' dir='ltr'><strong>scriptas</strong></span> <span class='ocrx_word' id='word_1_206' title='bbox 1211 2738 1299 2797; x_wconf 88' lang='lat' dir='ltr'><strong>adno-</strong></span> 
     </span>
     <span class='ocr_line' id='line_1_25' title="bbox 182 2833 1298 2910; baseline 0.001 -17"><span class='ocrx_word' id='word_1_207' title='bbox 182 2834 307 2894; x_wconf 86' lang='lat' dir='ltr'><strong>tationes</strong></span> <span class='ocrx_word' id='word_1_208' title='bbox 329 2852 388 2895; x_wconf 92' lang='lat' dir='ltr'><strong>non</strong></span> <span class='ocrx_word' id='word_1_209' title='bbox 409 2836 472 2910; x_wconf 91' lang='lat' dir='ltr'><strong>ipse</strong></span> <span class='ocrx_word' id='word_1_210' title='bbox 493 2839 599 2908; x_wconf 90' lang='lat' dir='ltr'><strong>auctor,</strong></span> <span class='ocrx_word' id='word_1_211' title='bbox 621 2837 671 2895; x_wconf 85' lang='lat' dir='ltr'><strong>sed</strong></span> <span class='ocrx_word' id='word_1_212' title='bbox 698 2836 791 2910; x_wconf 90' lang='lat' dir='ltr'><strong>operis</strong></span> <span class='ocrx_word' id='word_1_213' title='bbox 818 2835 951 2910; x_wconf 83' lang='lat' dir='ltr'><strong>magistri</strong></span> <span class='ocrx_word' id='word_1_214' title='bbox 975 2833 1007 2892; x_wconf 90' lang='lat' dir='ltr'><strong>in</strong></span> <span class='ocrx_word' id='word_1_215' title='bbox 1033 2835 1231 2908; x_wconf 89' lang='lat' dir='ltr'><strong>compendium</strong></span> <span class='ocrx_word' id='word_1_216' title='bbox 1256 2853 1298 2894; x_wconf 91' lang='lat' dir='ltr'><strong>re-</strong></span> 
     </span>
     <span class='ocr_line' id='line_1_26' title="bbox 183 2933 487 3008; baseline 0.003 -17"><span class='ocrx_word' id='word_1_217' title='bbox 183 2934 298 3008; x_wconf 78' lang='lat' dir='ltr'><strong>degisse</strong></span> <span class='ocrx_word' id='word_1_218' title='bbox 318 2933 487 2992; x_wconf 67' lang='lat' dir='ltr'><strong>videamur</strong></span> 
     </span>
    </p>

    <p class='ocr_par' dir='ltr' id='par_1_4' title="bbox 182 3029 1344 4082">
     <span class='ocr_line' id='line_1_27' title="bbox 265 3029 1300 3106; baseline 0 -16"><span class='ocrx_word' id='word_1_219' title='bbox 265 3030 383 3106; x_wconf 81' lang='lat' dir='ltr'><strong>Origine</strong></span> <span class='ocrx_word' id='word_1_220' title='bbox 404 3035 498 3091; x_wconf 91' lang='lat' dir='ltr'><strong>autem</strong></span> <span class='ocrx_word' id='word_1_221' title='bbox 517 3048 551 3090; x_wconf 92' lang='lat' dir='ltr'><strong>ao</strong></span> <span class='ocrx_word' id='word_1_222' title='bbox 572 3040 674 3091; x_wconf 88' lang='lat' dir='ltr'><strong>natura</strong></span> <span class='ocrx_word' id='word_1_223' title='bbox 694 3032 832 3091; x_wconf 85' lang='lat' dir='ltr'><strong>fastorum</strong></span> <span class='ocrx_word' id='word_1_224' title='bbox 853 3032 954 3089; x_wconf 90' lang='lat' dir='ltr'><strong>Praen.</strong></span> <span class='ocrx_word' id='word_1_225' title='bbox 975 3029 1132 3104; x_wconf 85' lang='lat' dir='ltr'><strong>perspectis</strong></span> <span class='ocrx_word' id='word_1_226' title='bbox 1153 3031 1211 3088; x_wconf 92' lang='lat' dir='ltr'><strong>iam</strong></span> <span class='ocrx_word' id='word_1_227' title='bbox 1226 3030 1300 3090; x_wconf 92' lang='lat' dir='ltr'><strong>iudi·</strong></span> 
     </span>
     <span class='ocr_line' id='line_1_28' title="bbox 183 3127 1298 3203; baseline -0.001 -16"><span class='ocrx_word' id='word_1_228' title='bbox 183 3145 247 3187; x_wconf 92' lang='lat' dir='ltr'><strong>care</strong></span> <span class='ocrx_word' id='word_1_229' title='bbox 268 3146 322 3189; x_wconf 86' lang='lat' dir='ltr'><strong>nos</strong></span> <span class='ocrx_word' id='word_1_230' title='bbox 342 3146 427 3203; x_wconf 92' lang='lat' dir='ltr'><strong>posse</strong></span> <span class='ocrx_word' id='word_1_231' title='bbox 448 3129 576 3201; x_wconf 89' lang='lat' dir='ltr'><strong>arbitror,</strong></span> <span class='ocrx_word' id='word_1_232' title='bbox 591 3131 729 3203; x_wconf 90' lang='lat' dir='ltr'><strong>quantum</strong></span> <span class='ocrx_word' id='word_1_233' title='bbox 743 3128 924 3187; x_wconf 88' lang='lat' dir='ltr'><strong>tribuendum</strong></span> <span class='ocrx_word' id='word_1_234' title='bbox 939 3128 979 3186; x_wconf 89' lang='lat' dir='ltr'><strong>sit</strong></span> <span class='ocrx_word' id='word_1_235' title='bbox 992 3127 1027 3199; x_wconf 93' lang='lat' dir='ltr'><strong>ei,</strong></span> <span class='ocrx_word' id='word_1_236' title='bbox 1053 3127 1129 3201; x_wconf 91' lang='lat' dir='ltr'><strong>quod</strong></span> <span class='ocrx_word' id='word_1_237' title='bbox 1143 3128 1298 3188; x_wconf 90' lang='lat' dir='ltr'><strong>nonnullae</strong></span> 
     </span>
     <span class='ocr_line' id='line_1_29' title="bbox 182 3225 1299 3301; baseline -0.001 -16"><span class='ocrx_word' id='word_1_238' title='bbox 182 3244 237 3299; x_wconf 92' lang='lat' dir='ltr'><strong>res,</strong></span> <span class='ocrx_word' id='word_1_239' title='bbox 259 3244 331 3301; x_wconf 87' lang='lat' dir='ltr'><strong>quaa</strong></span> <span class='ocrx_word' id='word_1_240' title='bbox 352 3245 386 3285; x_wconf 86' lang='lat' dir='ltr'><strong>ex</strong></span> <span class='ocrx_word' id='word_1_241' title='bbox 405 3227 490 3286; x_wconf 89' lang='lat' dir='ltr'><strong>fastis</strong></span> <span class='ocrx_word' id='word_1_242' title='bbox 511 3228 634 3301; x_wconf 89' lang='lat' dir='ltr'><strong>inopus</strong></span> <span class='ocrx_word' id='word_1_243' title='bbox 655 3245 737 3286; x_wconf 89' lang='lat' dir='ltr'><strong>suum</strong></span> <span class='ocrx_word' id='word_1_244' title='bbox 758 3226 900 3300; x_wconf 88' lang='lat' dir='ltr'><strong>recepisse</strong></span> <span class='ocrx_word' id='word_1_245' title='bbox 921 3225 1040 3284; x_wconf 85' lang='lat' dir='ltr'><strong>Ovidius</strong></span> <span class='ocrx_word' id='word_1_246' title='bbox 1062 3225 1176 3283; x_wconf 87' lang='lat' dir='ltr'><strong>disertis</strong></span> <span class='ocrx_word' id='word_1_247' title='bbox 1204 3225 1299 3284; x_wconf 82' lang='lat' dir='ltr'><strong>uerbis</strong></span> 
     </span>
     <span class='ocr_line' id='line_1_30' title="bbox 182 3321 1299 3396; baseline -0.002 -14"><span class='ocrx_word' id='word_1_248' title='bbox 182 3323 295 3396; x_wconf 82' lang='lat' dir='ltr'><strong>fatetur,</strong></span> <span class='ocrx_word' id='word_1_249' title='bbox 315 3323 347 3382; x_wconf 93' lang='lat' dir='ltr'><strong>in</strong></span> <span class='ocrx_word' id='word_1_250' title='bbox 368 3326 438 3384; x_wconf 90' lang='lat' dir='ltr'><strong>solis</strong></span> <span class='ocrx_word' id='word_1_251' title='bbox 459 3326 562 3384; x_wconf 88' lang='lat' dir='ltr'><strong>Praen.</strong></span> <span class='ocrx_word' id='word_1_252' title='bbox 590 3328 748 3384; x_wconf 83' lang='lat' dir='ltr'><strong>occurrunt.</strong></span> <span class='ocrx_word' id='word_1_253' title='bbox 792 3325 868 3394; x_wconf 80' lang='lat' dir='ltr'><strong>Quos</strong></span> <span class='ocrx_word' id='word_1_254' title='bbox 891 3323 970 3383; x_wconf 90' lang='lat' dir='ltr'><strong>locos</strong></span> <span class='ocrx_word' id='word_1_255' title='bbox 996 3321 1022 3380; x_wconf 90' lang='lat' dir='ltr'><strong>si</strong></span> <span class='ocrx_word' id='word_1_256' title='bbox 1048 3322 1140 3381; x_wconf 90' lang='lat' dir='ltr'><strong>denuo</strong></span> <span class='ocrx_word' id='word_1_257' title='bbox 1167 3339 1299 3382; x_wconf 91' lang='lat' dir='ltr'><strong>recensu-</strong></span> 
     </span>
     <span class='ocr_line' id='line_1_31' title="bbox 183 3420 1299 3498; baseline -0.002 -18"><span class='ocrx_word' id='word_1_258' title='bbox 183 3421 295 3494; x_wconf 87' lang='lat' dir='ltr'><strong>erimus,</strong></span> <span class='ocrx_word' id='word_1_259' title='bbox 315 3440 379 3483; x_wconf 90' lang='lat' dir='ltr'><strong>mox</strong></span> <span class='ocrx_word' id='word_1_260' title='bbox 397 3423 597 3498; x_wconf 82' lang='lat' dir='ltr'><strong>intellegemus</strong></span> <span class='ocrx_word' id='word_1_261' title='bbox 620 3441 718 3484; x_wconf 89' lang='lat' dir='ltr'><strong>omnes</strong></span> <span class='ocrx_word' id='word_1_262' title='bbox 737 3441 800 3482; x_wconf 90' lang='lat' dir='ltr'><strong>esse</strong></span> <span class='ocrx_word' id='word_1_263' title='bbox 814 3421 897 3493; x_wconf 88' lang='lat' dir='ltr'><strong>tales,</strong></span> <span class='ocrx_word' id='word_1_264' title='bbox 914 3421 1014 3494; x_wconf 89' lang='lat' dir='ltr'><strong>quales</strong></span> <span class='ocrx_word' id='word_1_265' title='bbox 1030 3439 1063 3479; x_wconf 90' lang='lat' dir='ltr'><strong>ex</strong></span> <span class='ocrx_word' id='word_1_266' title='bbox 1076 3421 1161 3480; x_wconf 88' lang='lat' dir='ltr'><strong>fastis</strong></span> <span class='ocrx_word' id='word_1_267' title='bbox 1175 3420 1299 3494; x_wconf 88' lang='lat' dir='ltr'><strong>publicis</strong></span> 
     </span>
     <span class='ocr_line' id='line_1_32' title="bbox 184 3518 1298 3594; baseline -0.001 -17"><span class='ocrx_word' id='word_1_268' title='bbox 184 3520 366 3594; x_wconf 88' lang='lat' dir='ltr'><strong>excerpsisse,</strong></span> <span class='ocrx_word' id='word_1_269' title='bbox 388 3537 446 3578; x_wconf 91' lang='lat' dir='ltr'><strong>non</strong></span> <span class='ocrx_word' id='word_1_270' title='bbox 469 3521 503 3579; x_wconf 94' lang='lat' dir='ltr'><strong>de</strong></span> <span class='ocrx_word' id='word_1_271' title='bbox 524 3537 576 3580; x_wconf 90' lang='lat' dir='ltr'><strong>suo</strong></span> <span class='ocrx_word' id='word_1_272' title='bbox 598 3521 743 3581; x_wconf 91' lang='lat' dir='ltr'><strong>doctrinae</strong></span> <span class='ocrx_word' id='word_1_273' title='bbox 763 3536 839 3594; x_wconf 92' lang='lat' dir='ltr'><strong>penu</strong></span> <span class='ocrx_word' id='word_1_274' title='bbox 861 3518 1007 3576; x_wconf 88' lang='lat' dir='ltr'><strong>addidisse</strong></span> <span class='ocrx_word' id='word_1_275' title='bbox 1028 3519 1157 3577; x_wconf 89' lang='lat' dir='ltr'><strong>Verrium</strong></span> <span class='ocrx_word' id='word_1_276' title='bbox 1177 3519 1298 3576; x_wconf 89' lang='lat' dir='ltr'><strong>constat.</strong></span> 
     </span>
     <span class='ocr_line' id='line_1_33' title="bbox 183 3614 1299 3692; baseline -0.002 -16"><span class='ocrx_word' id='word_1_277' title='bbox 183 3618 267 3676; x_wconf 87' lang='lat' dir='ltr'><strong>Nihil</strong></span> <span class='ocrx_word' id='word_1_278' title='bbox 298 3619 372 3692; x_wconf 92' lang='lat' dir='ltr'><strong>quod</strong></span> <span class='ocrx_word' id='word_1_279' title='bbox 402 3618 582 3692; x_wconf 89' lang='lat' dir='ltr'><strong>grammatici</strong></span> <span class='ocrx_word' id='word_1_280' title='bbox 610 3619 755 3692; x_wconf 91' lang='lat' dir='ltr'><strong>proprium</strong></span> <span class='ocrx_word' id='word_1_281' title='bbox 784 3617 909 3688; x_wconf 87' lang='lat' dir='ltr'><strong>videtur,</strong></span> <span class='ocrx_word' id='word_1_282' title='bbox 940 3616 971 3674; x_wconf 92' lang='lat' dir='ltr'><strong>in</strong></span> <span class='ocrx_word' id='word_1_283' title='bbox 1002 3615 1050 3674; x_wconf 93' lang='lat' dir='ltr'><strong>his</strong></span> <span class='ocrx_word' id='word_1_284' title='bbox 1082 3616 1196 3689; x_wconf 90' lang='lat' dir='ltr'><strong>quidem</strong></span> <span class='ocrx_word' id='word_1_285' title='bbox 1226 3614 1299 3674; x_wconf 88' lang='lat' dir='ltr'><strong>locis</strong></span> 
     </span>
     <span class='ocr_line' id='line_1_34' title="bbox 183 3711 1299 3789; baseline -0.002 -16"><span class='ocrx_word' id='word_1_286' title='bbox 183 3715 328 3788; x_wconf 89' lang='lat' dir='ltr'><strong>reperitur.</strong></span> <span class='ocrx_word' id='word_1_287' title='bbox 370 3716 451 3775; x_wconf 90' lang='lat' dir='ltr'><strong>Unde</strong></span> <span class='ocrx_word' id='word_1_288' title='bbox 473 3716 498 3774; x_wconf 95' lang='lat' dir='ltr'><strong>si</strong></span> <span class='ocrx_word' id='word_1_289' title='bbox 520 3717 585 3789; x_wconf 87' lang='lat' dir='ltr'><strong>quia</strong></span> <span class='ocrx_word' id='word_1_290' title='bbox 606 3715 731 3775; x_wconf 84' lang='lat' dir='ltr'><strong>coniciet</strong></span> <span class='ocrx_word' id='word_1_291' title='bbox 748 3731 824 3774; x_wconf 89' lang='lat' dir='ltr'><strong>mero</strong></span> <span class='ocrx_word' id='word_1_292' title='bbox 844 3730 914 3772; x_wconf 91' lang='lat' dir='ltr'><strong>casu</strong></span> <span class='ocrx_word' id='word_1_293' title='bbox 928 3713 1063 3785; x_wconf 90' lang='lat' dir='ltr'><strong>accidere,</strong></span> <span class='ocrx_word' id='word_1_294' title='bbox 1076 3714 1109 3771; x_wconf 93' lang='lat' dir='ltr'><strong>ut</strong></span> <span class='ocrx_word' id='word_1_295' title='bbox 1122 3712 1153 3770; x_wconf 92' lang='lat' dir='ltr'><strong>in</strong></span> <span class='ocrx_word' id='word_1_296' title='bbox 1166 3712 1213 3770; x_wconf 89' lang='lat' dir='ltr'><strong>his</strong></span> <span class='ocrx_word' id='word_1_297' title='bbox 1227 3711 1299 3771; x_wconf 92' lang='lat' dir='ltr'><strong>locis</strong></span> 
     </span>
     <span class='ocr_line' id='line_1_35' title="bbox 185 3811 1300 3886; baseline 0 -16"><span class='ocrx_word' id='word_1_298' title='bbox 185 3814 369 3872; x_wconf 91' lang='lat' dir='ltr'><strong>consentiant</strong></span> <span class='ocrx_word' id='word_1_299' title='bbox 394 3813 512 3873; x_wconf 82' lang='lat' dir='ltr'><strong>Ovidius</strong></span> <span class='ocrx_word' id='word_1_300' title='bbox 538 3816 567 3872; x_wconf 94' lang='lat' dir='ltr'><strong>et</strong></span> <span class='ocrx_word' id='word_1_301' title='bbox 594 3812 649 3871; x_wconf 91' lang='lat' dir='ltr'><strong>soli</strong></span> <span class='ocrx_word' id='word_1_302' title='bbox 673 3811 743 3870; x_wconf 85' lang='lat' dir='ltr'><strong>fasti</strong></span> <span class='ocrx_word' id='word_1_303' title='bbox 768 3812 881 3884; x_wconf 86' lang='lat' dir='ltr'><strong>Praen,</strong></span> <span class='ocrx_word' id='word_1_304' title='bbox 911 3812 1046 3886; x_wconf 88' lang='lat' dir='ltr'><strong>quoniam</strong></span> <span class='ocrx_word' id='word_1_305' title='bbox 1077 3827 1173 3869; x_wconf 91' lang='lat' dir='ltr'><strong>eorum</strong></span> <span class='ocrx_word' id='word_1_306' title='bbox 1202 3812 1300 3870; x_wconf 89' lang='lat' dir='ltr'><strong>auctor</strong></span> 
     </span>
     <span class='ocr_line' id='line_1_36' title="bbox 183 3907 1344 3991; baseline 0 -23"><span class='ocrx_word' id='word_1_307' title='bbox 183 3910 269 3985; x_wconf 87' lang='lat' dir='ltr'><strong>longe</strong></span> <span class='ocrx_word' id='word_1_308' title='bbox 294 3911 389 3983; x_wconf 86' lang='lat' dir='ltr'><strong>plures</strong></span> <span class='ocrx_word' id='word_1_309' title='bbox 418 3914 511 3985; x_wconf 86' lang='lat' dir='ltr'><strong>notas,</strong></span> <span class='ocrx_word' id='word_1_310' title='bbox 536 3929 622 3986; x_wconf 89' lang='lat' dir='ltr'><strong>quam</strong></span> <span class='ocrx_word' id='word_1_311' title='bbox 648 3911 697 3983; x_wconf 89' lang='lat' dir='ltr'><strong>qni</strong></span> <span class='ocrx_word' id='word_1_312' title='bbox 725 3909 798 3968; x_wconf 89' lang='lat' dir='ltr'><strong>alias</strong></span> <span class='ocrx_word' id='word_1_313' title='bbox 830 3909 945 3968; x_wconf 89' lang='lat' dir='ltr'><strong>tabulas</strong></span> <span class='ocrx_word' id='word_1_314' title='bbox 977 3907 1231 3981; x_wconf 81' lang='lat' dir='ltr'><strong>concinnaverunt,</strong></span> <span class='ocrx_word' id='word_1_315' title='bbox 1267 3927 1300 3968; x_wconf 91' lang='lat' dir='ltr'><strong>ex</strong></span> <span class='ocrx_word' id='word_1_316' title='bbox 1343 3987 1344 3991; x_wconf 7' lang='grc' dir='ltr'><strong>Ἰ</strong></span> 
     </span>
     <span class='ocr_line' id='line_1_37' title="bbox 183 4005 1033 4082; baseline 0.004 -19"><span class='ocrx_word' id='word_1_317' title='bbox 183 4005 308 4081; x_wconf 89' lang='lat' dir='ltr'><strong>publicis</strong></span> <span class='ocrx_word' id='word_1_318' title='bbox 328 4009 481 4082; x_wconf 87' lang='lat' dir='ltr'><strong>repetierit,</strong></span> <span class='ocrx_word' id='word_1_319' title='bbox 502 4025 561 4068; x_wconf 89' lang='lat' dir='ltr'><strong>non</strong></span> <span class='ocrx_word' id='word_1_320' title='bbox 580 4008 672 4067; x_wconf 88' lang='lat' dir='ltr'><strong>habeo</strong></span> <span class='ocrx_word' id='word_1_321' title='bbox 694 4025 749 4081; x_wconf 91' lang='lat' dir='ltr'><strong>quo</strong></span> <span class='ocrx_word' id='word_1_322' title='bbox 771 4025 834 4066; x_wconf 90' lang='lat' dir='ltr'><strong>eum</strong></span> <span class='ocrx_word' id='word_1_323' title='bbox 855 4007 1033 4081; x_wconf 85' lang='lat' dir='ltr'><strong>redarguam.</strong></span> 
     </span>
    </p>

    <p class='ocr_par' dir='ltr' id='par_1_5' title="bbox 184 4102 1300 4276">
     <span class='ocr_line' id='line_1_38' title="bbox 264 4102 1299 4177; baseline 0.002 -16"><span class='ocrx_word' id='word_1_324' title='bbox 264 4103 320 4162; x_wconf 84' lang='lat' dir='ltr'><strong>Sed</strong></span> <span class='ocrx_word' id='word_1_325' title='bbox 347 4107 444 4164; x_wconf 89' lang='lat' dir='ltr'><strong>tamen</strong></span> <span class='ocrx_word' id='word_1_326' title='bbox 475 4107 530 4165; x_wconf 88' lang='lat' dir='ltr'><strong>hac</strong></span> <span class='ocrx_word' id='word_1_327' title='bbox 560 4124 590 4166; x_wconf 90' lang='lat' dir='ltr'><strong>re</strong></span> <span class='ocrx_word' id='word_1_328' title='bbox 615 4106 742 4167; x_wconf 91' lang='lat' dir='ltr'><strong>nondum</strong></span> <span class='ocrx_word' id='word_1_329' title='bbox 769 4106 916 4177; x_wconf 88' lang='lat' dir='ltr'><strong>deterreor,</strong></span> <span class='ocrx_word' id='word_1_330' title='bbox 944 4119 981 4161; x_wconf 91' lang='lat' dir='ltr'><strong>ne</strong></span> <span class='ocrx_word' id='word_1_331' title='bbox 1010 4102 1117 4161; x_wconf 86' lang='lat' dir='ltr'><strong>diutius</strong></span> <span class='ocrx_word' id='word_1_332' title='bbox 1147 4103 1178 4161; x_wconf 89' lang='lat' dir='ltr'><strong>in</strong></span> <span class='ocrx_word' id='word_1_333' title='bbox 1209 4103 1299 4163; x_wconf 82' lang='lat' dir='ltr'><strong>fastos</strong></span> 
     </span>
     <span class='ocr_line' id='line_1_39' title="bbox 184 4199 1300 4276; baseline 0.001 -17"><span class='ocrx_word' id='word_1_334' title='bbox 184 4201 287 4260; x_wconf 91' lang='lat' dir='ltr'><strong>Praen.</strong></span> <span class='ocrx_word' id='word_1_335' title='bbox 307 4202 442 4262; x_wconf 89' lang='lat' dir='ltr'><strong>insistam</strong></span> <span class='ocrx_word' id='word_1_336' title='bbox 464 4221 534 4263; x_wconf 87' lang='lat' dir='ltr'><strong>neve</strong></span> <span class='ocrx_word' id='word_1_337' title='bbox 548 4221 595 4263; x_wconf 87' lang='lat' dir='ltr'><strong>eos</strong></span> <span class='ocrx_word' id='word_1_338' title='bbox 610 4203 695 4262; x_wconf 92' lang='lat' dir='ltr'><strong>utiles</strong></span> <span class='ocrx_word' id='word_1_339' title='bbox 710 4202 748 4260; x_wconf 91' lang='lat' dir='ltr'><strong>ad</strong></span> <span class='ocrx_word' id='word_1_340' title='bbox 762 4202 957 4276; x_wconf 88' lang='lat' dir='ltr'><strong>quaestionem</strong></span> <span class='ocrx_word' id='word_1_341' title='bbox 971 4201 1006 4258; x_wconf 94' lang='lat' dir='ltr'><strong>de</strong></span> <span class='ocrx_word' id='word_1_342' title='bbox 1020 4199 1148 4260; x_wconf 86' lang='lat' dir='ltr'><strong>fontibus</strong></span> <span class='ocrx_word' id='word_1_343' title='bbox 1162 4200 1300 4260; x_wconf 82' lang='lat' dir='ltr'><strong>fastorum</strong></span> 
     </span>
    </p>
   </div>
   <div class='ocr_carea' id='block_1_3' title="bbox 0 0 1505 4816">
    <p class='ocr_par' dir='ltr' id='par_1_6' title="bbox 0 0 1505 4816">
     <span class='ocr_line' id='line_1_40' title="bbox 0 0 1505 4816; baseline 0 0"><span class='ocrx_word' id='word_1_344' title='bbox 0 0 1505 4816; x_wconf 95' lang='lat' dir='ltr'><strong> </strong></span> 
     </span>
    </p>
   </div>
  </div>
 </body>
</html>
