2994 4816
213 1229 255 1262 υ
313 1249 316 1256 ·
424 1171 708 1292 Sententiae
741 1186 1113 1292 controversae.
1215 1245 1218 1252 ·

711 1377 816 1384 ..ι-.-

92 1515 94 1520 ,
210 1464 234 1520 1.
254 1463 359 1530 Versus
380 1463 474 1522 Ovidii
494 1463 631 1521 fastorum
651 1464 668 1521 Ι
688 1464 847 1522 295-310
864 1462 960 1522 'domis
982 1479 999 1520 a
1019 1463 1104 1535 poeta
1118 1461 1319 1540 Germanicum

257 1561 425 1636 respiciente
447 1561 568 1635 scriptos
590 1579 652 1620 esse
673 1580 758 1636 nego.

207 1733 234 1789 2.
257 1732 358 1791 Totum
378 1731 471 1788 locum
492 1731 541 1789 Ov.
571 1730 636 1789 fast.
662 1731 676 1788 I
703 1731 860 1790 587-616
887 1730 1084 1790 retractatione
1114 1729 1206 1804 operis
1228 1730 1322 1789 ortum

257 1843 319 1886 osso
341 1827 542 1887 contenderim.

208 1999 235 2055 3.
256 1997 292 2054 In
313 1995 449 2069 prooemii
477 1996 541 2053 libri
569 1995 662 2068 quarti
689 1996 738 2054 Or.
761 1996 826 2054 fast.
855 1998 931 2054 certa
952 2014 1034 2054 curae
1061 1996 1177 2055 alterins
1197 1997 1324 2070 vestigia

259 2093 527 2152 animadvertuntur.
548 2093 600 2170 (cf.
621 2111 663 2151 vv.
686 2096 702 2151 9
725 2096 753 2150 ot
778 2095 839 2171 18.)

211 2263 238 2320 4.
260 2263 295 2320 In
317 2262 419 2320 incerti
440 2261 563 2328 auctoris
579 2263 710 2334 carmine,
733 2262 807 2335 quod
825 2262 989 2321 inscribitur
1002 2265 1139 2323 Moratum
1160 2262 1325 2338 (Baehrens

259 2361 337 2418 PLM
358 2361 388 2418 ΙΙ
409 2378 437 2434 p.
463 2361 519 2417 178
541 2360 628 2437 squ),
649 2377 746 2418 versus
765 2362 808 2418 13.
830 2361 873 2420 sic
894 2364 938 2419 est
957 2362 1108 2436 legendos:

409 2457 536 2528 Tandem
561 2460 696 2532 concepto
718 2459 856 2516 sensim
876 2459 984 2534 fulgora
1005 2461 1118 2518 recedit.

632 2555 733 2630 (coddz
755 2557 803 2614 sod
825 2558 896 2635 lux).

209 2727 235 2784 5.
257 2724 351 2784 Verba
371 2722 446 2800 τοὺς
460 2721 546 2788 ἐννέα
562 2720 718 2810 ἄρχοντας
733 2723 892 2810 ἐπήγαγες
903 2745 927 2785 a.
950 2745 977 2800 q.
993 2747 1013 2785 s.
1030 2728 1059 2786 in
1075 2728 1201 2788 oratione
1216 2729 1323 2804 Lysiae

258 2823 314 2882 VII
335 2824 372 2880 22
395 2823 493 2897 aliqua
514 2841 577 2882 com
599 2823 779 2882 cavillatione
801 2823 878 2882 dicta
898 2829 973 2888 sunt.

210 2994 237 3049 6.
260 2991 328 3049 Tros
350 2991 479 3063 feminae,
501 3007 573 3064 quae
594 2993 671 3050 haud
692 2995 780 3051 semol
801 2994 831 3051 in
853 2995 1038 3068 sarcophagis
1053 2996 1196 3068 Romania
1218 2995 1324 3068 quibus

259 3090 416 3150 dextrarum
428 3089 534 3150 iunctio
549 3090 693 3164 insculpta
709 3093 760 3162 est,
775 3095 934 3164 cernuntur,
948 3093 1070 3152 ancillae
1084 3093 1232 3152 habendae
1247 3095 1324 3166 sunt,

259 3204 315 3246 non
339 3187 460 3257 Gratiae,
480 3189 511 3246 ut
533 3188 567 3247 A.
589 3188 782 3248 Rossbachius
804 3190 897 3267 (Rom.
913 3191 1078 3252 Hochzeits-
1098 3191 1157 3251 und
1171 3192 1324 3251 Ehedenh-

259 3285 356 3342 maier.
378 3301 406 3357 p.
429 3287 466 3342 69
488 3285 568 3362 sqq.)
589 3287 657 3345 vult.
