2994 4816
675 333 948 414 -14-“

227 548 313 605 supra
328 528 477 604 excerpsi?
519 527 615 598 Quid?
635 528 709 601 quod
724 527 869 586 Gallorum
884 525 1078 598 interpretatio
1093 526 1142 594 111,
1156 525 1232 582 utin
1246 523 1358 582 Ovidii

230 627 355 685 carmine
370 628 475 701 legitur
489 625 692 701 (361-366):

386 726 450 783 ‘Cur
464 725 552 798 igitur
566 724 671 794 Gallos,
687 723 735 796 qui
750 741 780 780 11
795 722 929 792 excidere,
943 737 1083 793 1111111111,

443 839 505 880 cum
520 823 600 880 tento
616 840 633 879 a
646 822 773 895 Phrygia
788 820 900 878 Gallica
915 821 1001 877 distet
1013 818 1148 878 humust’

388 919 482 978 ‘Inter’
498 920 539 976 ait
559 919 686 976 ‘viridem
702 918 825 992 Cybelen
840 919 969 991 altasque
986 919 1123 976 Celaenas

440 1018 532 1075 amnis
548 1018 571 1074 it
586 1018 697 1087 insana,
711 1017 826 1074 nomine
842 1016 950 1086 Callus,
965 1034 1046 1089 aqua.

388 1115 524 1188 quibibit
539 1115 612 1186 inde,
628 1114 703 1172 furit.
721 1114 819 1187 procul
833 1113 900 1171 hine
916 1115 1062 1186 discedite,
1079 1114 1142 1186 quis
1159 1114 1203 1170 111

440 1230 505 1270 cura
519 1213 611 1271 bonae
625 1213 739 1270 mentis.
756 1212 893 1285 quibibit
908 1212 982 1283 inde,
998 1211 1083 1269 furit!
1334 1284 1339 1292 ἱ

227 1309 314 1367 etiam
336 1311 411 1382 apud
431 1311 552 1368 Paulum
575 1311 696 1369 occurrit
716 1308 760 1386 (p,
783 1309 849 1386 95):
877 1309 976 1380 ι(11111,
1006 1309 1055 1382 qui
1081 1310 1219 1366 vocantur
1240 1307 1357 1365 11111111

227 1407 350 1480 Magnae
365 1407 489 1478 comites,
510 1408 579 1466 dicti
594 1409 662 1465 sunt
676 1425 693 1464 1
706 1407 830 1477 flumine,
851 1408 897 1464 oui
911 1424 1015 1465 nomen
1030 1408 1074 1464 est
1089 1406 1185 1476 Callo;
1207 1405 1276 1478 quia
1295 1405 1354 1479 qui

229 1521 262 1562 11
277 1521 308 1562 11
322 1505 455 1576 biberint,
470 1507 500 1563 in
514 1507 569 1564 boc
583 1505 674 1564 furere
686 1505 837 1577 incipiant,
851 1507 883 1562 ut
896 1522 926 1562 se
941 1506 1052 1577 privent
1065 1503 1211 1561 virilitatis
1226 1502 1357 1575 parta’?

308 1603 428 1660 Restant
448 1603 475 1660 ei
495 1619 599 1674 versus,
630 1602 740 1675 quibus,
769 1603 907 1675 quomodo
937 1602 989 1659 dea
1010 1619 1043 1659 11
1070 1600 1198 1674 Phrygia
1225 1601 1356 1659 Romam

226 1701 343 1772 venerit,
364 1703 500 1771 narratur,
522 1717 578 1773 qua
600 1701 633 1756 de
654 1717 683 1757 re
704 1701 816 1772 poetam
831 1716 864 1756 11
877 1698 1004 1756 uberiore
1019 1698 1096 1757 fonte
1112 1715 1196 1771 qnam
1211 1715 1245 1755 11
1259 1697 1355 1756 fastis

229 1797 361 1856 hausisse
376 1799 475 1856 elucet.

309 1896 385 1965 Quae
413 1896 444 1953 in
465 1894 548 1952 fastis
570 1894 670 1952 Praen.
693 1895 875 1952 inueniuntur
896 1896 1023 1952 ‘Matrem
1044 1894 1179 1967 Magnam
1206 1911 1239 1950 ex
1260 1893 1354 1951 libris

229 1993 380 2052 Sibullinis
402 1993 568 2050 arcessitam
578 1990 596 2063 ¹)
618 1994 712 2050 locum
733 1995 858 2050 mutasse
880 2011 913 2050 11
929 1993 1056 2067 Phrygia
1070 1991 1205 2076 Romam’,
1226 2008 1352 2066 magno,

229 2091 279 2149 sed
306 2092 417 2165 vulgari
443 2092 588 2163 poetarum
616 2092 756 2163 apparatu
783 2092 946 2163 repetuntur
973 2091 1039 2147 inde
1061 2107 1078 2146 a
1106 2107 1132 2148 1.
1154 2090 1222 2146 249.
1264 2089 1349 2158 Quae

229 2190 375 2260 accedunt,
389 2189 459 2247 haec
474 2191 553 2246 sunt:
577 2206 594 2246 a
608 2187 737 2262 patribus
753 2190 786 2246 de
801 2190 913 2249 oraculo
925 2188 1065 2263 Sibyllino
1080 2187 1194 2245 consilii
1208 2187 1353 2261 inopibus

229 2285 392 2360 Apollinem
413 2287 582 2360 Delphicum
603 2287 762 2346 consultum
784 2303 845 2345 esse
867 2286 1066 2362 (ael-264),
1094 2285 1221 2343 Attalum
1250 2302 1352 2358 regem
1459 2269 1460 2342 J

229 2384 320 2458 prime
341 2403 496 2458 recusasse,
519 2387 669 2460 queminus
692 2387 773 2444 deam
793 2386 923 2456 traderet,
945 2385 995 2442 sed
1017 2384 1052 2442 ab
1074 2401 1107 2442 11
1130 2384 1195 2456 ipsa
1216 2383 1352 2440 territum

229 2498 295 2540 mox
309 2482 485 2540 concessisse
500 2481 699 2559 (265—272);
713 2499 802 2555 porro,
819 2499 891 2556 quae
906 2473 939 2539 de
955 2481 1074 2539 Claudia
1085 2479 1198 2550 Quinta,
1214 2480 1248 2538 de
1263 2481 1350 2538 atriis

233 2579 384 2652 Tiberinis,
413 2580 447 2636 de
480 2579 532 2636 dea
562 2580 666 2652 111111,
695 2579 729 2637 de
751 2580 883 2654 Scipione
905 2580 1027 2652 aliisque
1055 2578 1217 2636 auctoribus
1245 2577 1351 2652 templi

230 2679 382 2735 narrantur
395 2674 594 2751 (ael-348).

311 2774 353 2832 Er
366 2775 412 2831 his
426 2773 553 2832 fabulam
569 2774 703 2832 Claudiae
718 2775 752 2831 de
767 2790 872 2832 scaena
886 2773 986 2832 Ouidio
1002 2774 1148 2846 cognitam
1163 2772 1260 2843 luisse,
1281 2772 1349 2845 ipse
1458 2827 1459 2836 ,

231 2873 353 2930 11111111
366 2888 391 2928 1.
408 2873 480 2929 326:

467 2969 545 3038 mira,
560 2969 610 3026 sed
625 2969 653 3025 et
667 2985 773 3026 scaena
786 2969 943 3027 testificata
956 2965 1091 3043 loquar.²)

311 3064 432 3140 Reliqua
453 3067 545 3123 autem
566 3066 694 3124 arbirio
715 3068 829 3139 sumpta
849 3084 911 3124 esse
925 3067 1025 3125 Petrus
1047 3067 1118 3124 mihi
1131 3084 1190 3124 non
1204 3067 1351 3139 persuasit

230 3163 685 3238 (1.111111111111111111111111111.
705 3164 869 3221 179-372.
882 3181 910 3236 p.
931 3162 1018 3239 167.)¹
1061 3163 1146 3236 Apud
1167 3164 1247 3221 illum
1269 3164 1348 3222 enim

233 3261 334 3333 (XXIX
349 3261 479 3334 leoque
496 3258 547 3336 14)
563 3261 596 3317 de
608 3259 705 3317 Attalo
720 3260 805 3332 plane
821 3261 971 3331 contraria,
986 3262 1020 3318 de
1034 3261 1147 3320 oraculo
1158 3261 1303 3334 Apollinis
1318 3263 1349 3320 et

233 3361 267 3418 de
282 3359 415 3432 Scipione
429 3359 488 3416 alia
501 3359 658 3428 traduntur,
673 3358 741 3415 deae
751 3359 857 3417 lavatio
869 3361 897 3416 11
909 3357 1009 3432 templi
1020 3361 1148 3416 auctores
1161 3360 1276 3416 omnino
1287 3375 1347 3418 non

234 3459 494 3516 commemorantur.
523 3457 621 3527 Immo,
636 3456 662 3514 11
677 3457 835 3514 accuratius
851 3456 881 3514 in
895 3457 948 3514 has
963 3473 1007 3514 res
1022 3457 1192 3530 inquirimus
1208 3459 1236 3514 11
1249 3455 1346 3514 Ovidii

231 3571 329 3613 versus
344 3571 407 3612 curn
422 3554 495 3613 Livii
516 3555 677 3613 narratione
700 3571 907 3628 comparamus,
929 3555 965 3611 ad
987 3555 1058 3611 alios
1079 3553 1181 3626 fontes,
1201 3555 1233 3612 ni
1254 3554 1347 3626 fallor,

234 3670 292 3712 non
319 3669 376 3712 uno
404 3653 512 3712 indicio
540 3653 704 3726 relegamur.
747 3653 822 3712 Nam
850 3653 887 3724 id,
916 3652 991 3725 quod
1019 3652 1053 3709 de
1075 3651 1207 3724 Scipione
1228 3651 1347 3710 Ovidius

316 3829 336 3903 ¹)
352 3831 386 3889 cl.
402 3850 428 3890 1.
444 3833 516 3889 263:
537 3831 639 3888 Divum
655 3831 791 3888 arcessite
805 3833 930 3888 matrem.

315 3925 343 4004 ²)
358 3929 504 4003 Siquidem
525 3928 649 3987 omnium
672 3927 800 3986 codicum
814 3929 931 3986 lectioni
945 3945 1004 3987 non
1019 3928 1093 3986 siout
1106 3927 1219 3985 Riesius
1234 3927 1347 3985 diffida-

234 4043 306 4096 mus,
322 4027 370 4100 qui
384 4027 426 4085 ita
442 4027 575 4085 coniecit:

513 4124 592 4195 mira,
607 4124 656 4181 sed
671 4125 772 4182 eventu
785 4123 939 4180 testificata
952 4123 1060 4196 loquar.
