2994 4816
818 184 837 226 s

635 352 854 412 ..55-

191 527 367 600 quaestione,
389 527 463 584 unde
485 527 559 584 hanc
579 527 688 599 partem
709 527 1299 602 11111111111111111111111111111111111,
1380 583 1384 592 .

189 625 325 684 affirmari
345 625 474 698 possunt,
496 624 575 697 haec,
597 625 629 683 ni
649 625 740 698 fallor,
762 628 836 686 sunt.

270 723 355 782 Ortus
377 723 523 796 signorum
544 723 653 781 zodiaci
674 725 758 798 atque
780 725 898 785 aliomm
913 725 1052 782 astrorum
1068 725 1207 785 nobilium
1222 725 1299 783 crtus

190 837 364 896 occasusque
384 821 509 895 publicis
530 821 616 880 lastis
637 839 654 879 a
675 821 704 881 O.
720 824 798 882 Julio
814 824 933 882 Caesare
955 823 1118 883 constitutis
1140 822 1299 896 adscriptos

188 921 279 979 fnisse
307 919 428 978 constat.
469 918 562 992 Atque
591 919 626 977 ab
655 920 755 980 Ovidis
784 939 893 996 quoque
920 939 966 995 ea,
996 937 1067 996 quae
1095 921 1128 980 de
1155 921 1300 979 stellarum

188 1020 313 1080 motibus
336 1018 372 1076 ad
393 1017 483 1076 certos
506 1016 567 1075 dies
589 1017 687 1090 affort,
700 1037 732 1077 ex
753 1019 836 1078 fastis
856 1035 1027 1094 quamquam
1041 1021 1104 1078 sine
1118 1020 1178 1078 ulla
1191 1019 1300 1078 ratione

190 1135 223 1176 ac
250 1119 313 1191 lege
338 1116 441 1173 hausta
460 1131 522 1174 esse
548 1117 576 1174 11
602 1119 704 1175 111111
722 1135 812 1176 rerum
833 1118 985 1176 uerisimile
1006 1117 1038 1175 iit
1059 1119 1089 1176 et
1107 1133 1163 1176 uno
1187 1115 1300 1196 quidem

188 1217 250 1276 loco
271 1214 424 1273 manifesto
445 1213 586 1286 probatur.
629 1215 704 1274 Nam
724 1233 821 1274 uersus
842 1217 867 1276 V
888 1217 946 1274 603
968 1233 1011 1289 sq.

389 1311 489 1370 Idibus
511 1329 560 1370 ora
580 1313 656 1386 prior
676 1315 824 1374 stellantia
844 1315 942 1374 tollere
967 1313 1088 1372 Taurum

441 1410 560 1470 indicat.
610 1393 612 1398 ¹

189 1510 236 1570 uix
262 1509 345 1566 aliter
373 1509 475 1581 exponi
501 1511 623 1582 possunt
650 1511 734 1584 atque
761 1510 862 1568 Petrus
891 1527 938 1569 eos
966 1509 1108 1585 exposuit:
1136 1509 1197 1567 dies
1225 1508 1302 1582 prior

190 1607 285 1666 idibus
306 1607 338 1664 in
358 1605 442 1664 111111
464 1606 574 1666 1111111
595 1608 681 1666 Tauri
702 1610 787 1682 caput
808 1609 882 1668 oriri.

271 1705 383 1763 Talium
404 1707 497 1764 autem
518 1705 655 1766 fastorum
676 1723 734 1766 non
755 1723 849 1765 unum
864 1708 1017 1780 exemplar,
1044 1708 1094 1766 sed
1116 1707 1169 1764 duo
1192 1706 1302 1764 diuersa

190 1804 321 1878 inspecta
349 1818 411 1860 esse
433 1821 450 1860 a
468 1793 562 1876 'poeta
581 1805 734 1864 uerisimile
756 1804 846 1864 uisum
868 1795 912 1864 est
932 1806 1040 1865 Idelero
1063 1805 1097 1882 (l.
1121 1823 1144 1864 c.
1166 1823 1194 1878 p.
1220 1803 1301 1880 145.)

191 1919 224 1959 ex
244 1901 371 1959 versibus
392 1901 422 1959 Il
444 1903 482 1960 75
504 1919 545 1976 sq.
570 1902 665 1979 (Febr.
688 1902 733 1980 2.)

382 1998 438 2056 Illa
458 2002 540 2070 nocte
562 2001 675 2075 aliquis,
696 2003 799 2062 tollens
822 2003 859 2060 ad
879 2003 972 2061 sidera
985 1988 1108 2074 uultum,

423 2099 498 2156 dicet
523 2099 588 2156 ‘Ubi
609 2101 653 2158 111
673 2100 757 2158 hodie
779 2118 850 2174 quae
872 2102 945 2175 Lyra
965 2100 1047 2158 fulsit
1066 2099 1163 2171 herit',

191 2199 240 2274 qui
267 2215 330 2256 cum
355 2197 482 2256 uorsibus
508 2198 523 2254 I
549 2198 607 2255 653
633 2213 685 2270 sq,
714 2197 818 2271 quibus
844 2200 880 2257 ad
908 2198 1302 2272 1112311111111111111

192 2312 310 2355 occasus
336 2297 473 2368 narratur,
499 2295 615 2354 minime
642 2296 832 2354 consentiunt.
876 2296 931 2354 Sed
955 2313 1013 2354 non
1034 2296 1178 2370 intellego,
1200 2313 1248 2354 cur
1269 2295 1302 2353 11

190 2394 236 2452 his
265 2393 336 2453 locis
365 2393 452 2450 alium
478 2393 509 2451 in
535 2393 647 2451 modum
678 2394 804 2452 Idelerus
836 2395 1004 2453 iudicaverit
1029 2397 1113 2468 atque
1145 2395 1179 2452 de
1208 2410 1301 2452 sorum

190 2491 332 2551 similibus
354 2491 444 2569 (sicut
473 2491 497 2550 V
524 2493 581 2550 733
610 2494 638 2550 11
663 2492 703 2552 VI
728 2493 810 2570 235),
837 2493 941 2567 quibus
969 2493 1005 2552 ad
1030 2494 1105 2550 hanc
1131 2492 1303 2550 sententiam

191 2590 381 2650 adducebatur
406 2587 441 2666 (l.
467 2607 490 2648 c.
517 2608 544 2663 p.
575 2590 660 2667 167);
702 2591 742 2649 ‘In
776 2591 824 2649 der
855 2591 966 2664 Oualla,
994 2608 1045 2649 aus
1073 2591 1122 2648 111
1147 2589 1219 2648 Ouid
1245 2591 1304 2648 und

192 2689 347 2748 Columella
367 2687 634 2762 gemeinschaftlich
655 2690 804 2764 geschbplt
825 2691 927 2762 haben,
948 2707 1005 2747 uar
1025 2687 1304 2747 11111111111111111-

191 2789 351 2863 scheinung
371 2788 458 2860 zuei,
477 2788 508 2861 ja
529 2787 619 2846 selbst
639 2787 775 2846 mshrmal
797 2788 961 2863 angesetzt!
1002 2788 1111 2860 Itaque,
1133 2803 1304 2859 quamquam

192 2888 222 2944 in
244 2885 441 2946 Verriunorum
464 2902 578 2958 operum
599 2886 727 2960 reliquiis
749 2887 920 2962 astrologiae
947 2883 1070 2959 uestigia
1094 2883 1175 2942 nulla
1200 2885 1304 2956 extant,

193 2987 289 3042 tamen
324 2983 415 3040 nihilo
452 2984 579 3042 conicere
613 2990 739 3042 vetamur
773 2985 977 3045 astronomicas
1013 3000 1123 3057 quoque
1154 2983 1237 3041 notas
1272 3000 1305 3040 cx

191 3081 317 3156 publicis
339 3081 424 3140 fastis
445 3082 475 3139 in
498 3081 649 3140 Verrianos
670 3085 806 3156 receptas,
828 3083 894 3141 inde
915 3083 950 3141 ab
980 3082 1080 3141 Ouidio
1102 3082 1176 3140 sicut
1198 3081 1304 3138 ceteras
1348 3159 1350 3166 Α

192 3182 320 3254 sumptas
347 3197 417 3238 csse.
461 3181 529 3239 Oum
557 3181 649 3238 autem
678 3181 768 3241 fastos
797 3182 898 3240 Praen.
931 3181 1085 3254 ordinavit,
1112 3171 1217 3238 vomnes
1252 3180 1304 3238 has

192 3278 393 3338 annotationes
415 3278 521 3336 abiecit
542 3279 753 3352 grammaticus.
777 3311 814 3322 -

271 3377 338 3435 Sine
361 3377 446 3435 dubio
475 3395 547 3449 quae
576 3376 609 3434 de
636 3377 763 3436 fontibus
791 3378 927 3438 fastonrm
955 3377 1156 3436 Ouidianorum
1184 3376 1305 3435 inueniri

191 3476 311 3548 possint,
332 3476 414 3549 plura
435 3475 503 3532 sunt
524 3491 608 3547 quam
630 3492 704 3548 quae
718 3476 772 3534 1111
793 3477 985 3550 disputatione
1000 3475 1187 3548 exposuimus.
1230 3475 1304 3532 Nam

193 3590 265 3647 quae
293 3591 310 3630 1
336 3574 404 3632 11111
431 3572 522 3631 111111
550 3572 689 3646 indagata
717 3575 784 3631 sunt
811 3575 844 3632 11
874 3575 914 3633 111
939 3575 1025 3645 11111,
1057 3574 1160 3647 quibus
1188 3573 1304 3631 Ouidius

192 3671 320 3729 carmina
347 3671 466 3730 aliorum
494 3672 640 3744 poetarum
667 3674 694 3730 et
720 3671 886 3732 Graecorum
914 3675 942 3731 ct
966 3672 1130 3731 Latinorum
1158 3673 1207 3730 aut
1231 3671 1305 3730 Livii

191 3770 368 3829 narrationes
387 3769 421 3826 dc
433 3769 542 3842 origine
553 3769 631 3828 urbis
645 3771 789 3843 poetamm
800 3787 890 3844 paene
902 3788 977 3830 more
987 3770 1113 3842 prolatas
1127 3770 1305 3846 respexisset,

191 3869 237 3928 uix
260 3867 409 3941 quisquam
432 3868 534 3925 reicere
556 3869 668 3941 poterit,
692 3886 862 3942 quamquam
888 3867 984 3927 omnia
1010 3867 1102 3941 magis
1130 3885 1144 3926 e
1172 3869 1305 3927 memoria

191 3966 312 4040 repetita
328 3982 412 4037 quam
427 3965 550 4038 propriis
565 3966 601 4022 ad
616 3966 705 4026 fastos
720 3966 884 4024 condendos
899 3965 1002 4023 studiis
1018 3967 1154 4039 congesta
1167 3965 1305 4024 uidentur.

192 4064 293 4136 Itaque
322 4079 380 4121 non
401 4063 503 4120 inutile
529 4065 610 4135 esset,
633 4065 659 4122 si
681 4065 745 4138 quis
767 4065 798 4122 in
820 4063 943 4137 singulis
966 4063 1060 4121 Ouidii
1082 4064 1225 4137 capitibus
1247 4065 1305 4122 dis-

193 4177 305 4220 cernere
328 4161 483 4232 conaretur,
506 4177 577 4234 quas
598 4178 641 4220 res
664 4179 695 4221 ex
717 4162 802 4221 fastis
824 4163 1020 4236 desumpserit,
1043 4179 1114 4238 quas
1136 4165 1211 4240 apud
1233 4163 1305 4224 alios
