<?xml version="1.0" encoding="UTF-8"?>
<!DOCTYPE html PUBLIC "-//W3C//DTD XHTML 1.0 Transitional//EN"
    "http://www.w3.org/TR/xhtml1/DTD/xhtml1-transitional.dtd">
<html xmlns="http://www.w3.org/1999/xhtml" xml:lang="en" lang="en">
 <head>
  <title>
</title>
<meta http-equiv="Content-Type" content="text/html;charset=utf-8" />
  <meta name='ocr-system' content='tesseract 3.04.00' />
  <meta name='ocr-capabilities' content='ocr_page ocr_carea ocr_par ocr_line ocrx_word'/>
</head>
<body>
  <div class='ocr_page' id='page_1' title='image "./defastisveriifl00wintgoog_0019.png"; bbox 0 0 2994 4816; ppageno 0'>
   <div class='ocr_carea' id='block_1_1' title="bbox 633 404 851 465">
    <p class='ocr_par' dir='ltr' id='par_1_1' title="bbox 633 404 851 465">
     <span class='ocr_line' id='line_1_1' title="bbox 633 404 851 465; baseline 0.005 -18"><span class='ocrx_word' id='word_1_1' title='bbox 633 404 851 465; x_wconf 68' lang='lat'>„10-</span> 
     </span>
    </p>
   </div>
   <div class='ocr_carea' id='block_1_2' title="bbox 180 577 1298 849">
    <p class='ocr_par' dir='ltr' id='par_1_2' title="bbox 180 577 1298 849">
     <span class='ocr_line' id='line_1_2' title="bbox 261 577 1298 638; baseline 0.001 -3"><span class='ocrx_word' id='word_1_2' title='bbox 261 577 386 636; x_wconf 83' lang='lat' dir='ltr'>Tabulae</span> <span class='ocrx_word' id='word_1_3' title='bbox 416 577 556 637; x_wconf 83' lang='lat' dir='ltr'>fastorum</span> <span class='ocrx_word' id='word_1_4' title='bbox 593 594 763 638; x_wconf 90' lang='lat' dir='ltr'>marmoreas</span> <span class='ocrx_word' id='word_1_5' title='bbox 800 578 837 636; x_wconf 93' lang='lat' dir='ltr'>ad</span> <span class='ocrx_word' id='word_1_6' title='bbox 863 578 1016 636; x_wconf 72' lang='lat' dir='ltr'><strong>Praeneste</strong></span> <span class='ocrx_word' id='word_1_7' title='bbox 1044 594 1120 638; x_wconf 93' lang='lat' dir='ltr'>anno</span> <span class='ocrx_word' id='word_1_8' title='bbox 1151 578 1226 636; x_wconf 87' lang='grc'>1771</span> <span class='ocrx_word' id='word_1_9' title='bbox 1253 595 1298 636; x_wconf 92' lang='lat' dir='ltr'>re·</span> 
     </span>
     <span class='ocr_line' id='line_1_3' title="bbox 180 674 1297 752; baseline -0.002 -18"><span class='ocrx_word' id='word_1_10' title='bbox 180 677 277 748; x_wconf 89' lang='lat' dir='ltr'>pertas</span> <span class='ocrx_word' id='word_1_11' title='bbox 298 675 460 750; x_wconf 80' lang='lat' dir='ltr'>fragmenta</span> <span class='ocrx_word' id='word_1_12' title='bbox 481 692 577 734; x_wconf 90' lang='lat' dir='ltr'>eorum</span> <span class='ocrx_word' id='word_1_13' title='bbox 597 675 734 736; x_wconf 83' lang='lat' dir='ltr'>festomm</span> <span class='ocrx_word' id='word_1_14' title='bbox 755 693 827 747; x_wconf 87' lang='lat' dir='ltr'>esse,</span> <span class='ocrx_word' id='word_1_15' title='bbox 847 692 917 749; x_wconf 88' lang='lat' dir='ltr'>quos</span> <span class='ocrx_word' id='word_1_16' title='bbox 938 675 1046 752; x_wconf 83' lang='lat' dir='ltr'>ibidem</span> <span class='ocrx_word' id='word_1_17' title='bbox 1071 676 1103 734; x_wconf 88' lang='lat' dir='ltr'>iu</span> <span class='ocrx_word' id='word_1_18' title='bbox 1127 674 1297 749; x_wconf 89' lang='lat' dir='ltr'>hemicyclio</span> 
     </span>
     <span class='ocr_line' id='line_1_4' title="bbox 181 773 1297 849; baseline -0.001 -18"><span class='ocrx_word' id='word_1_19' title='bbox 181 790 335 834; x_wconf 91' lang='lat' dir='ltr'>marmoreo</span> <span class='ocrx_word' id='word_1_20' title='bbox 350 773 453 848; x_wconf 86' lang='lat' dir='ltr'>parieti</span> <span class='ocrx_word' id='word_1_21' title='bbox 473 773 583 832; x_wconf 81' lang='lat' dir='ltr'>lnoIsos</span> <span class='ocrx_word' id='word_1_22' title='bbox 605 791 623 832; x_wconf 91' lang='lat' dir='ltr'>e</span> <span class='ocrx_word' id='word_1_23' title='bbox 643 774 770 833; x_wconf 89' lang='lat' dir='ltr'>Verrio</span> <span class='ocrx_word' id='word_1_24' title='bbox 790 773 923 834; x_wconf 82' lang='lat' dir='ltr'>Flacco</span> <span class='ocrx_word' id='word_1_25' title='bbox 944 773 1105 849; x_wconf 88' lang='lat' dir='ltr'>publicatos</span> <span class='ocrx_word' id='word_1_26' title='bbox 1120 789 1183 831; x_wconf 87' lang='lat' dir='ltr'>esse</span> <span class='ocrx_word' id='word_1_27' title='bbox 1198 773 1297 830; x_wconf 91' lang='lat' dir='ltr'>Sueto-</span> 
     </span>
    </p>
   </div>
   <div class='ocr_carea' id='block_1_3' title="bbox 73 869 1294 948">
    <p class='ocr_par' dir='ltr' id='par_1_3' title="bbox 73 869 1294 948">
     <span class='ocr_line' id='line_1_5' title="bbox 73 869 1294 948; baseline 0 -19"><span class='ocrx_word' id='word_1_28' title='bbox 73 870 83 938; x_wconf 64' lang='grc'><em>]</em></span> <span class='ocrx_word' id='word_1_29' title='bbox 180 872 247 929; x_wconf 91' lang='lat' dir='ltr'>nius</span> <span class='ocrx_word' id='word_1_30' title='bbox 269 869 319 948; x_wconf 88' lang='lat' dir='ltr'>(de</span> <span class='ocrx_word' id='word_1_31' title='bbox 340 887 459 944; x_wconf 79' lang='lat' dir='ltr'>gramm.</span> <span class='ocrx_word' id='word_1_32' title='bbox 480 887 505 929; x_wconf 91' lang='lat' dir='ltr'>c.</span> <span class='ocrx_word' id='word_1_33' title='bbox 523 870 587 946; x_wconf 89' lang='lat'>17.)</span> <span class='ocrx_word' id='word_1_34' title='bbox 600 871 752 930; x_wconf 91' lang='lat' dir='ltr'>memoriae</span> <span class='ocrx_word' id='word_1_35' title='bbox 765 871 899 944; x_wconf 76' lang='lat' dir='ltr'>prodidir,</span> <span class='ocrx_word' id='word_1_36' title='bbox 913 887 1060 943; x_wconf 90' lang='lat' dir='ltr'>nunquam</span> <span class='ocrx_word' id='word_1_37' title='bbox 1073 870 1174 944; x_wconf 83' lang='lat' dir='ltr'>negari</span> <span class='ocrx_word' id='word_1_38' title='bbox 1188 869 1294 929; x_wconf 83' lang='lat' dir='ltr'>debuit</span> 
     </span>
    </p>
   </div>
   <div class='ocr_carea' id='block_1_4' title="bbox 168 967 1298 3777">
    <p class='ocr_par' dir='ltr' id='par_1_4' title="bbox 168 967 1298 2883">
     <span class='ocr_line' id='line_1_6' title="bbox 180 967 1296 1046; baseline -0.003 -18"><span class='ocrx_word' id='word_1_39' title='bbox 180 968 233 1046; x_wconf 82' lang='lat' dir='ltr'>(ol.</span> <span class='ocrx_word' id='word_1_40' title='bbox 254 969 282 1028; x_wconf 86' lang='lat' dir='ltr'>J.</span> <span class='ocrx_word' id='word_1_41' title='bbox 304 969 424 1040; x_wconf 82' lang='lat' dir='ltr'>Vahlen,</span> <span class='ocrx_word' id='word_1_42' title='bbox 446 969 507 1028; x_wconf 85' lang='lat' dir='ltr'>ind.</span> <span class='ocrx_word' id='word_1_43' title='bbox 528 969 619 1028; x_wconf 89' lang='lat' dir='ltr'>schol.</span> <span class='ocrx_word' id='word_1_44' title='bbox 639 969 732 1028; x_wconf 91' lang='lat' dir='ltr'>Berol.</span> <span class='ocrx_word' id='word_1_45' title='bbox 758 969 842 1026; x_wconf 84' lang='grc'>1877.</span> <span class='ocrx_word' id='word_1_46' title='bbox 865 969 904 1028; x_wconf 89' lang='grc'>78</span> <span class='ocrx_word' id='word_1_47' title='bbox 924 985 953 1041; x_wconf 91' lang='lat' dir='ltr'>p.</span> <span class='ocrx_word' id='word_1_48' title='bbox 976 969 993 1027; x_wconf 87' lang='lat'>5</span> <span class='ocrx_word' id='word_1_49' title='bbox 1015 969 1114 1027; x_wconf 91' lang='lat' dir='ltr'>contre</span> <span class='ocrx_word' id='word_1_50' title='bbox 1128 967 1160 1026; x_wconf 90' lang='lat'>0.</span> <span class='ocrx_word' id='word_1_51' title='bbox 1176 967 1296 1026; x_wconf 90' lang='lat' dir='ltr'>Hirsch-</span> 
     </span>
     <span class='ocr_line' id='line_1_7' title="bbox 178 1064 1295 1140; baseline -0.003 -15"><span class='ocrx_word' id='word_1_52' title='bbox 178 1067 246 1138; x_wconf 84' lang='lat' dir='ltr'>feld,</span> <span class='ocrx_word' id='word_1_53' title='bbox 273 1067 392 1125; x_wconf 89' lang='lat' dir='ltr'>Hermes</span> <span class='ocrx_word' id='word_1_54' title='bbox 420 1066 461 1124; x_wconf 86' lang='lat' dir='ltr'>IX</span> <span class='ocrx_word' id='word_1_55' title='bbox 491 1067 569 1140; x_wconf 68' lang='lat' dir='ltr'>loa)</span> <span class='ocrx_word' id='word_1_56' title='bbox 599 1067 637 1124; x_wconf 87' lang='lat' dir='ltr'>M.</span> <span class='ocrx_word' id='word_1_57' title='bbox 662 1067 791 1125; x_wconf 87' lang='lat' dir='ltr'>Verrium</span> <span class='ocrx_word' id='word_1_58' title='bbox 815 1067 958 1138; x_wconf 75' lang='lat' dir='ltr'><strong>Flaccum,</strong></span> <span class='ocrx_word' id='word_1_59' title='bbox 986 1065 1099 1124; x_wconf 88' lang='lat' dir='ltr'>doctum</span> <span class='ocrx_word' id='word_1_60' title='bbox 1128 1066 1157 1122; x_wconf 92' lang='lat' dir='ltr'>et</span> <span class='ocrx_word' id='word_1_61' title='bbox 1187 1064 1295 1124; x_wconf 92' lang='lat' dir='ltr'>clarum</span> 
     </span>
     <span class='ocr_line' id='line_1_8' title="bbox 179 1163 1298 1240; baseline -0.002 -18"><span class='ocrx_word' id='word_1_62' title='bbox 179 1165 407 1240; x_wconf 87' lang='lat' dir='ltr'>grammaticum,</span> <span class='ocrx_word' id='word_1_63' title='bbox 438 1165 474 1224; x_wconf 93' lang='lat' dir='ltr'>ob</span> <span class='ocrx_word' id='word_1_64' title='bbox 505 1166 597 1224; x_wconf 89' lang='lat' dir='ltr'>ertem</span> <span class='ocrx_word' id='word_1_65' title='bbox 628 1165 749 1224; x_wconf 91' lang='lat' dir='ltr'>docendi</span> <span class='ocrx_word' id='word_1_66' title='bbox 782 1165 929 1238; x_wconf 81' lang='lat' dir='ltr'>Augustus</span> <span class='ocrx_word' id='word_1_67' title='bbox 964 1163 1052 1236; x_wconf 85' lang='lat' dir='ltr'>elegit</span> <span class='ocrx_word' id='word_1_68' title='bbox 1084 1165 1298 1236; x_wconf 74' lang='lat' dir='ltr'>praeceptorem</span> 
     </span>
     <span class='ocr_line' id='line_1_9' title="bbox 179 1260 1298 1336; baseline -0.002 -16"><span class='ocrx_word' id='word_1_69' title='bbox 179 1263 315 1335; x_wconf 82' lang='lat' dir='ltr'>nepotum</span> <span class='ocrx_word' id='word_1_70' title='bbox 329 1279 443 1322; x_wconf 91' lang='lat' dir='ltr'>suorum</span> <span class='ocrx_word' id='word_1_71' title='bbox 458 1263 512 1322; x_wconf 80' lang='lat' dir='ltr'>Gai</span> <span class='ocrx_word' id='word_1_72' title='bbox 534 1263 704 1335; x_wconf 83' lang='grc'>(734-757</span> <span class='ocrx_word' id='word_1_73' title='bbox 726 1279 752 1321; x_wconf 92' lang='grc'>4.</span> <span class='ocrx_word' id='word_1_74' title='bbox 772 1279 808 1334; x_wconf 84' lang='grc'>4.,</span> <span class='ocrx_word' id='word_1_75' title='bbox 829 1263 868 1320; x_wconf 77' lang='grc'>20</span> <span class='ocrx_word' id='word_1_76' title='bbox 882 1279 907 1320; x_wconf 92' lang='lat' dir='ltr'>a.</span> <span class='ocrx_word' id='word_1_77' title='bbox 930 1293 965 1304; x_wconf 90' lang='lat'>—</span> <span class='ocrx_word' id='word_1_78' title='bbox 986 1262 1006 1318; x_wconf 90' lang='grc'>4</span> <span class='ocrx_word' id='word_1_79' title='bbox 1026 1279 1055 1334; x_wconf 91' lang='lat' dir='ltr'>p.</span> <span class='ocrx_word' id='word_1_80' title='bbox 1077 1260 1156 1336; x_wconf 77' lang='lat' dir='ltr'>Chr.)</span> <span class='ocrx_word' id='word_1_81' title='bbox 1178 1263 1206 1319; x_wconf 89' lang='lat' dir='ltr'>et</span> <span class='ocrx_word' id='word_1_82' title='bbox 1226 1260 1298 1320; x_wconf 83' lang='lat' dir='ltr'>Luci</span> 
     </span>
     <span class='ocr_line' id='line_1_10' title="bbox 181 1358 1296 1434; baseline -0.001 -17"><span class='ocrx_word' id='word_1_83' title='bbox 181 1361 350 1432; x_wconf 80' lang='lat' dir='ltr'>(vav-755</span> <span class='ocrx_word' id='word_1_84' title='bbox 371 1378 397 1419; x_wconf 87' lang='lat' dir='ltr'>a</span> <span class='ocrx_word' id='word_1_85' title='bbox 423 1378 461 1433; x_wconf 93' lang='lat' dir='ltr'>u.,</span> <span class='ocrx_word' id='word_1_86' title='bbox 487 1363 521 1418; x_wconf 88' lang='lat'>17</span> <span class='ocrx_word' id='word_1_87' title='bbox 547 1377 573 1418; x_wconf 90' lang='lat' dir='ltr'>e.</span> <span class='ocrx_word' id='word_1_88' title='bbox 596 1392 633 1404; x_wconf 92' lang='lat'><em>-</em></span> <span class='ocrx_word' id='word_1_89' title='bbox 655 1362 673 1417; x_wconf 80' lang='lat'><strong>2</strong></span> <span class='ocrx_word' id='word_1_90' title='bbox 694 1377 723 1434; x_wconf 93' lang='lat' dir='ltr'>p.</span> <span class='ocrx_word' id='word_1_91' title='bbox 747 1360 830 1432; x_wconf 76' lang='grc'>014),</span> <span class='ocrx_word' id='word_1_92' title='bbox 854 1359 904 1432; x_wconf 89' lang='lat' dir='ltr'>qui</span> <span class='ocrx_word' id='word_1_93' title='bbox 924 1360 1001 1417; x_wconf 87' lang='lat' dir='ltr'>haud</span> <span class='ocrx_word' id='word_1_94' title='bbox 1021 1358 1080 1418; x_wconf 88' lang='lat' dir='ltr'>ecio</span> <span class='ocrx_word' id='word_1_95' title='bbox 1102 1375 1140 1416; x_wconf 90' lang='lat' dir='ltr'>an</span> <span class='ocrx_word' id='word_1_96' title='bbox 1167 1358 1234 1416; x_wconf 85' lang='lat' dir='ltr'>Inde</span> <span class='ocrx_word' id='word_1_97' title='bbox 1260 1358 1296 1416; x_wconf 93' lang='lat' dir='ltr'>ab</span> 
     </span>
     <span class='ocr_line' id='line_1_11' title="bbox 181 1454 1296 1534; baseline 0 -20"><span class='ocrx_word' id='word_1_98' title='bbox 181 1472 258 1514; x_wconf 91' lang='lat' dir='ltr'>anno</span> <span class='ocrx_word' id='word_1_99' title='bbox 279 1474 306 1515; x_wconf 92' lang='lat' dir='ltr'>u.</span> <span class='ocrx_word' id='word_1_100' title='bbox 329 1458 388 1515; x_wconf 83' lang='lat'>744</span> <span class='ocrx_word' id='word_1_101' title='bbox 409 1457 464 1534; x_wconf 88' lang='grc'>(10</span> <span class='ocrx_word' id='word_1_102' title='bbox 485 1476 511 1517; x_wconf 91' lang='lat' dir='ltr'>a.</span> <span class='ocrx_word' id='word_1_103' title='bbox 534 1457 614 1533; x_wconf 81' lang='lat' dir='ltr'>Chr.)</span> <span class='ocrx_word' id='word_1_104' title='bbox 636 1457 672 1516; x_wconf 89' lang='lat' dir='ltr'>ab</span> <span class='ocrx_word' id='word_1_105' title='bbox 706 1475 738 1516; x_wconf 91' lang='lat' dir='ltr'>eo</span> <span class='ocrx_word' id='word_1_106' title='bbox 770 1457 875 1515; x_wconf 90' lang='lat' dir='ltr'>instrui</span> <span class='ocrx_word' id='word_1_107' title='bbox 898 1454 1074 1530; x_wconf 81' lang='lat' dir='ltr'>potuerInt.¹)</span> <span class='ocrx_word' id='word_1_108' title='bbox 1123 1456 1212 1526; x_wconf 78' lang='lat' dir='ltr'>Quem</span> <span class='ocrx_word' id='word_1_109' title='bbox 1239 1455 1296 1514; x_wconf 89' lang='lat' dir='ltr'>iam</span> 
     </span>
     <span class='ocr_line' id='line_1_12' title="bbox 168 1549 1296 1627; baseline -0.001 -15"><span class='ocrx_word' id='word_1_110' title='bbox 168 1549 242 1612; x_wconf 75' lang='lat' dir='ltr'>&#39;tum</span> <span class='ocrx_word' id='word_1_111' title='bbox 268 1556 296 1613; x_wconf 90' lang='lat' dir='ltr'>et</span> <span class='ocrx_word' id='word_1_112' title='bbox 319 1555 402 1614; x_wconf 89' lang='lat' dir='ltr'>libris</span> <span class='ocrx_word' id='word_1_113' title='bbox 429 1573 447 1614; x_wconf 91' lang='lat' dir='ltr'>e</span> <span class='ocrx_word' id='word_1_114' title='bbox 474 1573 504 1614; x_wconf 93' lang='grc'>44</span> <span class='ocrx_word' id='word_1_115' title='bbox 532 1554 670 1614; x_wconf 84' lang='lat' dir='ltr'>confectis</span> <span class='ocrx_word' id='word_1_116' title='bbox 697 1557 725 1613; x_wconf 91' lang='lat' dir='ltr'>et</span> <span class='ocrx_word' id='word_1_117' title='bbox 751 1555 852 1615; x_wconf 92' lang='lat' dir='ltr'>schola</span> <span class='ocrx_word' id='word_1_118' title='bbox 877 1572 929 1614; x_wconf 89' lang='lat' dir='ltr'>sua</span> <span class='ocrx_word' id='word_1_119' title='bbox 954 1555 985 1612; x_wconf 92' lang='lat' dir='ltr'>in</span> <span class='ocrx_word' id='word_1_120' title='bbox 1015 1553 1124 1612; x_wconf 83' lang='lat' dir='ltr'>famam</span> <span class='ocrx_word' id='word_1_121' title='bbox 1153 1553 1296 1627; x_wconf 89' lang='lat' dir='ltr'>quendam</span> 
     </span>
     <span class='ocr_line' id='line_1_13' title="bbox 179 1651 1293 1726; baseline 0.001 -16"><span class='ocrx_word' id='word_1_122' title='bbox 179 1653 342 1726; x_wconf 90' lang='lat' dir='ltr'>pervenisse</span> <span class='ocrx_word' id='word_1_123' title='bbox 368 1653 521 1711; x_wconf 91' lang='lat' dir='ltr'>verisimile</span> <span class='ocrx_word' id='word_1_124' title='bbox 551 1655 602 1711; x_wconf 93' lang='lat' dir='ltr'>est.</span> <span class='ocrx_word' id='word_1_125' title='bbox 644 1654 746 1712; x_wconf 80' lang='lat' dir='ltr'>Festos</span> <span class='ocrx_word' id='word_1_126' title='bbox 778 1653 872 1710; x_wconf 90' lang='lat' dir='ltr'>autem</span> <span class='ocrx_word' id='word_1_127' title='bbox 898 1653 959 1710; x_wconf 91' lang='lat' dir='ltr'>eius</span> <span class='ocrx_word' id='word_1_128' title='bbox 979 1667 1154 1710; x_wconf 86' lang='lat' dir='ltr'>marmoreos</span> <span class='ocrx_word' id='word_1_129' title='bbox 1185 1651 1293 1711; x_wconf 85' lang='lat' dir='ltr'>Incisos</span> 
     </span>
     <span class='ocr_line' id='line_1_14' title="bbox 180 1747 1294 1826; baseline -0.002 -17"><span class='ocrx_word' id='word_1_130' title='bbox 180 1766 242 1809; x_wconf 90' lang='lat' dir='ltr'>esse</span> <span class='ocrx_word' id='word_1_131' title='bbox 270 1750 345 1808; x_wconf 89' lang='lat' dir='ltr'>inter</span> <span class='ocrx_word' id='word_1_132' title='bbox 371 1767 463 1810; x_wconf 90' lang='lat' dir='ltr'>annos</span> <span class='ocrx_word' id='word_1_133' title='bbox 490 1768 517 1808; x_wconf 90' lang='lat' dir='ltr'>n.</span> <span class='ocrx_word' id='word_1_134' title='bbox 545 1751 602 1809; x_wconf 79' lang='lat'>752</span> <span class='ocrx_word' id='word_1_135' title='bbox 625 1752 731 1809; x_wconf 85' lang='grc'>41763</span> <span class='ocrx_word' id='word_1_136' title='bbox 754 1749 786 1826; x_wconf 80' lang='lat'>(2</span> <span class='ocrx_word' id='word_1_137' title='bbox 812 1767 839 1808; x_wconf 90' lang='lat' dir='ltr'>a.</span> <span class='ocrx_word' id='word_1_138' title='bbox 870 1783 904 1793; x_wconf 93' lang='lat'>-</span> <span class='ocrx_word' id='word_1_139' title='bbox 930 1751 966 1808; x_wconf 90' lang='grc'>10</span> <span class='ocrx_word' id='word_1_140' title='bbox 993 1767 1021 1823; x_wconf 90' lang='lat' dir='ltr'>p.</span> <span class='ocrx_word' id='word_1_141' title='bbox 1052 1747 1171 1826; x_wconf 79' lang='lat' dir='ltr'>Chr.)²)</span> <span class='ocrx_word' id='word_1_142' title='bbox 1199 1750 1294 1807; x_wconf 89' lang='lat' dir='ltr'>causis</span> 
     </span>
     <span class='ocr_line' id='line_1_15' title="bbox 179 1845 1295 1922; baseline -0.003 -16"><span class='ocrx_word' id='word_1_143' title='bbox 179 1847 341 1907; x_wconf 81' lang='lat' dir='ltr'>manifestis</span> <span class='ocrx_word' id='word_1_144' title='bbox 367 1849 559 1908; x_wconf 87' lang='lat' dir='ltr'>Mommsenus</span> <span class='ocrx_word' id='word_1_145' title='bbox 584 1848 788 1907; x_wconf 87' lang='lat' dir='ltr'>demonstravit</span> <span class='ocrx_word' id='word_1_146' title='bbox 808 1847 910 1922; x_wconf 80' lang='lat' dir='ltr'>(CILI</span> <span class='ocrx_word' id='word_1_147' title='bbox 929 1864 958 1920; x_wconf 92' lang='lat' dir='ltr'>p.</span> <span class='ocrx_word' id='word_1_148' title='bbox 980 1848 1048 1919; x_wconf 76' lang='lat'>295,</span> <span class='ocrx_word' id='word_1_149' title='bbox 1069 1849 1115 1918; x_wconf 88' lang='lat'>9.).</span> <span class='ocrx_word' id='word_1_150' title='bbox 1148 1847 1239 1916; x_wconf 78' lang='lat' dir='ltr'>Quam</span> <span class='ocrx_word' id='word_1_151' title='bbox 1260 1845 1295 1904; x_wconf 93' lang='lat' dir='ltr'>ob</span> 
     </span>
     <span class='ocr_line' id='line_1_16' title="bbox 180 1945 1297 2016; baseline -0.002 -12"><span class='ocrx_word' id='word_1_152' title='bbox 180 1963 239 2004; x_wconf 92' lang='lat' dir='ltr'>rem</span> <span class='ocrx_word' id='word_1_153' title='bbox 260 1946 427 2004; x_wconf 81' lang='lat' dir='ltr'>crediderim</span> <span class='ocrx_word' id='word_1_154' title='bbox 440 1945 495 2003; x_wconf 91' lang='lat' dir='ltr'>hoc</span> <span class='ocrx_word' id='word_1_155' title='bbox 508 1947 722 2004; x_wconf 85' lang='lat' dir='ltr'>monumentum</span> <span class='ocrx_word' id='word_1_156' title='bbox 735 1946 898 2004; x_wconf 86' lang='lat' dir='ltr'>faciendum</span> <span class='ocrx_word' id='word_1_157' title='bbox 912 1962 976 2003; x_wconf 92' lang='lat' dir='ltr'>eum</span> <span class='ocrx_word' id='word_1_158' title='bbox 990 1945 1141 2016; x_wconf 84' lang='lat' dir='ltr'>curavisse,</span> <span class='ocrx_word' id='word_1_159' title='bbox 1163 1961 1226 2003; x_wconf 92' lang='lat' dir='ltr'>cum</span> <span class='ocrx_word' id='word_1_160' title='bbox 1239 1945 1297 2002; x_wconf 91' lang='lat' dir='ltr'>iem</span> 
     </span>
     <span class='ocr_line' id='line_1_17' title="bbox 177 2041 1295 2117; baseline -0.002 -16"><span class='ocrx_word' id='word_1_161' title='bbox 177 2043 312 2117; x_wconf 84' lang='lat' dir='ltr'>largitate</span> <span class='ocrx_word' id='word_1_162' title='bbox 326 2042 450 2117; x_wconf 81' lang='lat' dir='ltr'>Augusti</span> <span class='ocrx_word' id='word_1_163' title='bbox 464 2042 567 2116; x_wconf 90' lang='lat' dir='ltr'>opibus</span> <span class='ocrx_word' id='word_1_164' title='bbox 580 2043 698 2103; x_wconf 87' lang='lat' dir='ltr'>floreret.</span> <span class='ocrx_word' id='word_1_165' title='bbox 741 2043 864 2102; x_wconf 81' lang='lat' dir='ltr'>Additee</span> <span class='ocrx_word' id='word_1_166' title='bbox 878 2045 945 2101; x_wconf 89' lang='lat' dir='ltr'>sunt</span> <span class='ocrx_word' id='word_1_167' title='bbox 965 2045 1031 2117; x_wconf 90' lang='lat' dir='ltr'>post</span> <span class='ocrx_word' id='word_1_168' title='bbox 1050 2042 1166 2100; x_wconf 86' lang='lat' dir='ltr'>tabulas</span> <span class='ocrx_word' id='word_1_169' title='bbox 1186 2041 1295 2100; x_wconf 88' lang='lat' dir='ltr'>incisas</span> 
     </span>
     <span class='ocr_line' id='line_1_18' title="bbox 179 2139 1297 2216; baseline -0.003 -17"><span class='ocrx_word' id='word_1_170' title='bbox 179 2141 379 2200; x_wconf 84' lang='lat' dir='ltr'>annotationes</span> <span class='ocrx_word' id='word_1_171' title='bbox 400 2141 556 2200; x_wconf 87' lang='lat' dir='ltr'>nonnullae</span> <span class='ocrx_word' id='word_1_172' title='bbox 578 2141 614 2198; x_wconf 95' lang='lat' dir='ltr'>ad</span> <span class='ocrx_word' id='word_1_173' title='bbox 629 2141 733 2200; x_wconf 91' lang='lat' dir='ltr'>Divum</span> <span class='ocrx_word' id='word_1_174' title='bbox 747 2142 907 2216; x_wconf 83' lang='lat' dir='ltr'>Augustum</span> <span class='ocrx_word' id='word_1_175' title='bbox 928 2142 957 2199; x_wconf 85' lang='lat' dir='ltr'>et</span> <span class='ocrx_word' id='word_1_176' title='bbox 977 2139 1121 2198; x_wconf 82' lang='lat' dir='ltr'>Tiberium</span> <span class='ocrx_word' id='word_1_177' title='bbox 1135 2140 1297 2212; x_wconf 86' lang='lat' dir='ltr'>spectantes</span> 
     </span>
     <span class='ocr_line' id='line_1_19' title="bbox 178 2236 1297 2313; baseline -0.004 -16"><span class='ocrx_word' id='word_1_178' title='bbox 178 2255 269 2312; x_wconf 90' lang='lat' dir='ltr'>usque</span> <span class='ocrx_word' id='word_1_179' title='bbox 290 2238 327 2296; x_wconf 88' lang='lat' dir='ltr'>ed</span> <span class='ocrx_word' id='word_1_180' title='bbox 348 2255 372 2296; x_wconf 93' lang='lat' dir='ltr'>a.</span> <span class='ocrx_word' id='word_1_181' title='bbox 386 2255 413 2296; x_wconf 93' lang='lat' dir='ltr'>u.</span> <span class='ocrx_word' id='word_1_182' title='bbox 429 2240 487 2297; x_wconf 83' lang='lat'>775</span> <span class='ocrx_word' id='word_1_183' title='bbox 503 2240 595 2313; x_wconf 61' lang='lat' dir='ltr'>(bip.</span> <span class='ocrx_word' id='word_1_184' title='bbox 612 2239 694 2311; x_wconf 79' lang='lat' dir='ltr'>Chr),</span> <span class='ocrx_word' id='word_1_185' title='bbox 715 2240 791 2313; x_wconf 88' lang='lat' dir='ltr'>quod</span> <span class='ocrx_word' id='word_1_186' title='bbox 811 2239 887 2297; x_wconf 83' lang='lat' dir='ltr'>olrce</span> <span class='ocrx_word' id='word_1_187' title='bbox 906 2240 1018 2312; x_wconf 84' lang='lat' dir='ltr'>tempus</span> <span class='ocrx_word' id='word_1_188' title='bbox 1033 2238 1161 2297; x_wconf 88' lang='lat' dir='ltr'>Verrium</span> <span class='ocrx_word' id='word_1_189' title='bbox 1182 2236 1297 2294; x_wconf 85' lang='lat' dir='ltr'>exactae</span> 
     </span>
     <span class='ocr_line' id='line_1_20' title="bbox 179 2335 1297 2412; baseline -0.003 -17"><span class='ocrx_word' id='word_1_190' title='bbox 179 2335 465 2395; x_wconf 79' lang='grc'>44141141444441444</span> <span class='ocrx_word' id='word_1_191' title='bbox 493 2337 613 2395; x_wconf 89' lang='lat' dir='ltr'>traditur</span> <span class='ocrx_word' id='word_1_192' title='bbox 634 2337 761 2412; x_wconf 88' lang='lat' dir='ltr'>(Sueten.</span> <span class='ocrx_word' id='word_1_193' title='bbox 782 2337 803 2396; x_wconf 90' lang='grc'>1.</span> <span class='ocrx_word' id='word_1_194' title='bbox 826 2337 872 2412; x_wconf 88' lang='grc'>4.).</span> <span class='ocrx_word' id='word_1_195' title='bbox 922 2337 973 2396; x_wconf 77' lang='lat' dir='ltr'>Cui</span> <span class='ocrx_word' id='word_1_196' title='bbox 993 2336 1072 2394; x_wconf 88' lang='lat' dir='ltr'>brevi</span> <span class='ocrx_word' id='word_1_197' title='bbox 1091 2339 1248 2408; x_wconf 88' lang='lat' dir='ltr'>temporum</span> <span class='ocrx_word' id='word_1_198' title='bbox 1269 2335 1297 2392; x_wconf 93' lang='lat' dir='ltr'>et</span> 
     </span>
     <span class='ocr_line' id='line_1_21' title="bbox 178 2433 1296 2508; baseline -0.004 -15"><span class='ocrx_word' id='word_1_199' title='bbox 178 2434 270 2494; x_wconf 86' lang='lat' dir='ltr'>Verrii</span> <span class='ocrx_word' id='word_1_200' title='bbox 290 2437 319 2491; x_wconf 90' lang='grc'>41</span> <span class='ocrx_word' id='word_1_201' title='bbox 341 2433 478 2492; x_wconf 84' lang='lat' dir='ltr'>fastorum</span> <span class='ocrx_word' id='word_1_202' title='bbox 506 2434 567 2492; x_wconf 91' lang='lat' dir='ltr'>eins</span> <span class='ocrx_word' id='word_1_203' title='bbox 589 2434 774 2508; x_wconf 87' lang='lat' dir='ltr'>descriptioni</span> <span class='ocrx_word' id='word_1_204' title='bbox 794 2451 882 2492; x_wconf 91' lang='lat' dir='ltr'>uuum</span> <span class='ocrx_word' id='word_1_205' title='bbox 909 2433 989 2504; x_wconf 87' lang='lat' dir='ltr'>illud,</span> <span class='ocrx_word' id='word_1_206' title='bbox 1017 2433 1093 2506; x_wconf 91' lang='lat' dir='ltr'>quod</span> <span class='ocrx_word' id='word_1_207' title='bbox 1117 2433 1151 2490; x_wconf 93' lang='lat' dir='ltr'>de</span> <span class='ocrx_word' id='word_1_208' title='bbox 1171 2433 1296 2505; x_wconf 90' lang='lat' dir='ltr'>tempore</span> 
     </span>
     <span class='ocr_line' id='line_1_22' title="bbox 178 2529 1296 2603; baseline -0.004 -13"><span class='ocrx_word' id='word_1_209' title='bbox 178 2532 273 2592; x_wconf 90' lang='lat' dir='ltr'>Ovidii</span> <span class='ocrx_word' id='word_1_210' title='bbox 297 2531 433 2589; x_wconf 85' lang='lat' dir='ltr'>festorum</span> <span class='ocrx_word' id='word_1_211' title='bbox 460 2549 494 2589; x_wconf 84' lang='lat' dir='ltr'>er</span> <span class='ocrx_word' id='word_1_212' title='bbox 513 2531 642 2590; x_wconf 87' lang='lat' dir='ltr'>versibus</span> <span class='ocrx_word' id='word_1_213' title='bbox 667 2532 741 2590; x_wconf 87' lang='lat' dir='ltr'>trist.</span> <span class='ocrx_word' id='word_1_214' title='bbox 783 2531 815 2590; x_wconf 92' lang='grc' dir='ltr'>Π</span> <span class='ocrx_word' id='word_1_215' title='bbox 842 2532 1000 2592; x_wconf 71' lang='lat' dir='ltr'>sle-552</span> <span class='ocrx_word' id='word_1_216' title='bbox 1032 2531 1142 2589; x_wconf 80' lang='lat' dir='ltr'>effettm</span> <span class='ocrx_word' id='word_1_217' title='bbox 1168 2529 1296 2603; x_wconf 74' lang='lat' dir='ltr'>repeIItis</span> 
     </span>
     <span class='ocr_line' id='line_1_23' title="bbox 180 2627 1296 2703; baseline -0.004 -15"><span class='ocrx_word' id='word_1_218' title='bbox 180 2631 300 2700; x_wconf 82' lang='lat' dir='ltr'>constat,</span> <span class='ocrx_word' id='word_1_219' title='bbox 315 2628 470 2702; x_wconf 85' lang='lat' dir='ltr'>adiungere</span> <span class='ocrx_word' id='word_1_220' title='bbox 485 2629 558 2686; x_wconf 88' lang='grc'>44114</span> <span class='ocrx_word' id='word_1_221' title='bbox 572 2628 676 2689; x_wconf 87' lang='lat' dir='ltr'>habeo:</span> <span class='ocrx_word' id='word_1_222' title='bbox 690 2629 808 2688; x_wconf 89' lang='lat' dir='ltr'>Ovidius</span> <span class='ocrx_word' id='word_1_223' title='bbox 823 2629 880 2687; x_wconf 89' lang='lat' dir='ltr'>iam</span> <span class='ocrx_word' id='word_1_224' title='bbox 894 2631 1047 2703; x_wconf 90' lang='lat' dir='ltr'>antequam</span> <span class='ocrx_word' id='word_1_225' title='bbox 1062 2628 1145 2686; x_wconf 84' lang='lat' dir='ltr'>exilio</span> <span class='ocrx_word' id='word_1_226' title='bbox 1159 2627 1296 2686; x_wconf 90' lang='lat' dir='ltr'>multatus</span> 
     </span>
     <span class='ocr_line' id='line_1_24' title="bbox 178 2725 1297 2801; baseline -0.001 -17"><span class='ocrx_word' id='word_1_227' title='bbox 178 2727 210 2785; x_wconf 94' lang='lat' dir='ltr'>in</span> <span class='ocrx_word' id='word_1_228' title='bbox 240 2725 297 2784; x_wconf 92' lang='lat' dir='ltr'>fine</span> <span class='ocrx_word' id='word_1_229' title='bbox 325 2726 399 2784; x_wconf 89' lang='lat' dir='ltr'>enni</span> <span class='ocrx_word' id='word_1_230' title='bbox 422 2744 449 2784; x_wconf 93' lang='lat' dir='ltr'>u.</span> <span class='ocrx_word' id='word_1_231' title='bbox 472 2727 530 2784; x_wconf 82' lang='grc'>762</span> <span class='ocrx_word' id='word_1_232' title='bbox 552 2729 582 2800; x_wconf 83' lang='grc'>(9</span> <span class='ocrx_word' id='word_1_233' title='bbox 603 2745 631 2800; x_wconf 93' lang='lat' dir='ltr'>p.</span> <span class='ocrx_word' id='word_1_234' title='bbox 653 2727 727 2801; x_wconf 82' lang='lat' dir='ltr'>Chr.)</span> <span class='ocrx_word' id='word_1_235' title='bbox 756 2727 845 2786; x_wconf 88' lang='lat' dir='ltr'>Rome</span> <span class='ocrx_word' id='word_1_236' title='bbox 871 2727 1015 2785; x_wconf 89' lang='lat' dir='ltr'>discedere</span> <span class='ocrx_word' id='word_1_237' title='bbox 1042 2728 1156 2787; x_wconf 86' lang='lat' dir='ltr'>coactus</span> <span class='ocrx_word' id='word_1_238' title='bbox 1184 2727 1236 2798; x_wconf 89' lang='lat' dir='ltr'>est,</span> <span class='ocrx_word' id='word_1_239' title='bbox 1264 2725 1297 2783; x_wconf 90' lang='lat' dir='ltr'>in</span> 
     </span>
     <span class='ocr_line' id='line_1_25' title="bbox 178 2824 639 2883; baseline 0 -1"><span class='ocrx_word' id='word_1_240' title='bbox 178 2824 263 2883; x_wconf 84' lang='lat' dir='ltr'>fastis</span> <span class='ocrx_word' id='word_1_241' title='bbox 289 2824 445 2882; x_wconf 90' lang='lat' dir='ltr'>condendis</span> <span class='ocrx_word' id='word_1_242' title='bbox 465 2824 639 2883; x_wconf 81' lang='lat' dir='ltr'>versabatur.</span> 
     </span>
    </p>

    <p class='ocr_par' dir='ltr' id='par_1_5' title="bbox 178 2921 1296 3777">
     <span class='ocr_line' id='line_1_26' title="bbox 260 2921 1296 2983; baseline 0 -5"><span class='ocrx_word' id='word_1_243' title='bbox 260 2921 316 2979; x_wconf 89' lang='lat' dir='ltr'>Sed</span> <span class='ocrx_word' id='word_1_244' title='bbox 336 2921 450 2979; x_wconf 84' lang='lat' dir='ltr'>Verrius</span> <span class='ocrx_word' id='word_1_245' title='bbox 471 2921 593 2980; x_wconf 81' lang='lat' dir='ltr'>Flaccus</span> <span class='ocrx_word' id='word_1_246' title='bbox 613 2922 705 2980; x_wconf 83' lang='lat' dir='ltr'>fastos</span> <span class='ocrx_word' id='word_1_247' title='bbox 727 2938 794 2980; x_wconf 89' lang='lat' dir='ltr'>suos</span> <span class='ocrx_word' id='word_1_248' title='bbox 817 2923 951 2982; x_wconf 89' lang='lat' dir='ltr'>Suetonio</span> <span class='ocrx_word' id='word_1_249' title='bbox 972 2925 1044 2981; x_wconf 90' lang='grc'>14414</span> <span class='ocrx_word' id='word_1_250' title='bbox 1065 2940 1123 2983; x_wconf 92' lang='lat' dir='ltr'>non</span> <span class='ocrx_word' id='word_1_251' title='bbox 1144 2921 1226 2981; x_wconf 92' lang='lat' dir='ltr'>modo</span> <span class='ocrx_word' id='word_1_252' title='bbox 1251 2921 1296 2979; x_wconf 91' lang='lat' dir='ltr'>in·</span> 
     </span>
     <span class='ocr_line' id='line_1_27' title="bbox 180 3019 1296 3094; baseline -0.001 -17"><span class='ocrx_word' id='word_1_253' title='bbox 180 3019 317 3078; x_wconf 89' lang='lat' dir='ltr'>eidendos</span> <span class='ocrx_word' id='word_1_254' title='bbox 339 3022 490 3090; x_wconf 76' lang='lat' dir='ltr'>curaverat,</span> <span class='ocrx_word' id='word_1_255' title='bbox 512 3019 563 3077; x_wconf 85' lang='lat' dir='ltr'>sed</span> <span class='ocrx_word' id='word_1_256' title='bbox 584 3019 672 3078; x_wconf 89' lang='lat' dir='ltr'>etiem</span> <span class='ocrx_word' id='word_1_257' title='bbox 693 3019 756 3094; x_wconf 89' lang='lat' dir='ltr'>ipse</span> <span class='ocrx_word' id='word_1_258' title='bbox 777 3020 962 3092; x_wconf 86' lang='lat' dir='ltr'>ordinaverat,</span> <span class='ocrx_word' id='word_1_259' title='bbox 982 3019 1036 3078; x_wconf 91' lang='lat' dir='ltr'>hoc</span> <span class='ocrx_word' id='word_1_260' title='bbox 1058 3022 1109 3092; x_wconf 88' lang='lat' dir='ltr'>est,</span> <span class='ocrx_word' id='word_1_261' title='bbox 1133 3021 1166 3078; x_wconf 92' lang='lat' dir='ltr'>ut</span> <span class='ocrx_word' id='word_1_262' title='bbox 1190 3019 1296 3079; x_wconf 90' lang='lat' dir='ltr'>Vahle-</span> 
     </span>
     <span class='ocr_line' id='line_1_28' title="bbox 178 3113 1294 3193; baseline -0.001 -18"><span class='ocrx_word' id='word_1_263' title='bbox 178 3133 233 3175; x_wconf 89' lang='lat' dir='ltr'>nne</span> <span class='ocrx_word' id='word_1_264' title='bbox 260 3113 294 3192; x_wconf 88' lang='lat'>(1.</span> <span class='ocrx_word' id='word_1_265' title='bbox 322 3115 364 3193; x_wconf 83' lang='lat' dir='ltr'>c.)</span> <span class='ocrx_word' id='word_1_266' title='bbox 391 3116 599 3190; x_wconf 84' lang='lat' dir='ltr'>Interpretatur,</span> <span class='ocrx_word' id='word_1_267' title='bbox 631 3133 663 3176; x_wconf 92' lang='lat' dir='ltr'>eo</span> <span class='ocrx_word' id='word_1_268' title='bbox 685 3117 793 3190; x_wconf 91' lang='lat' dir='ltr'>ordine,</span> <span class='ocrx_word' id='word_1_269' title='bbox 814 3134 869 3192; x_wconf 92' lang='lat' dir='ltr'>quo</span> <span class='ocrx_word' id='word_1_270' title='bbox 891 3118 1045 3189; x_wconf 90' lang='lat' dir='ltr'>ederentur,</span> <span class='ocrx_word' id='word_1_271' title='bbox 1066 3117 1294 3176; x_wconf 87' lang='lat' dir='ltr'>concinnaverat.</span> 
     </span>
     <span class='ocr_line' id='line_1_29' title="bbox 178 3213 1296 3289; baseline 0 -17"><span class='ocrx_word' id='word_1_272' title='bbox 178 3213 255 3272; x_wconf 87' lang='lat' dir='ltr'>Nem</span> <span class='ocrx_word' id='word_1_273' title='bbox 276 3219 370 3286; x_wconf 87' lang='lat' dir='ltr'>notae,</span> <span class='ocrx_word' id='word_1_274' title='bbox 393 3230 465 3286; x_wconf 90' lang='lat' dir='ltr'>quas</span> <span class='ocrx_word' id='word_1_275' title='bbox 487 3213 601 3274; x_wconf 84' lang='lat' dir='ltr'>Verrius</span> <span class='ocrx_word' id='word_1_276' title='bbox 622 3219 671 3287; x_wconf 87' lang='lat' dir='ltr'>eis,</span> <span class='ocrx_word' id='word_1_277' title='bbox 692 3233 764 3289; x_wconf 89' lang='lat' dir='ltr'>quae</span> <span class='ocrx_word' id='word_1_278' title='bbox 786 3215 942 3274; x_wconf 91' lang='lat' dir='ltr'>maioribus</span> <span class='ocrx_word' id='word_1_279' title='bbox 964 3215 1111 3274; x_wconf 89' lang='lat' dir='ltr'>elementis</span> <span class='ocrx_word' id='word_1_280' title='bbox 1132 3217 1247 3273; x_wconf 85' lang='lat' dir='ltr'>exarata</span> <span class='ocrx_word' id='word_1_281' title='bbox 1264 3215 1296 3272; x_wconf 92' lang='lat' dir='ltr'>in</span> 
     </span>
     <span class='ocr_line' id='line_1_30' title="bbox 180 3310 1294 3386; baseline -0.002 -14"><span class='ocrx_word' id='word_1_282' title='bbox 180 3311 313 3372; x_wconf 88' lang='lat' dir='ltr'>omnibus</span> <span class='ocrx_word' id='word_1_283' title='bbox 337 3310 538 3386; x_wconf 80' lang='lat' dir='ltr'>hemerologiis</span> <span class='ocrx_word' id='word_1_284' title='bbox 556 3312 706 3384; x_wconf 89' lang='lat' dir='ltr'>cernimus,</span> <span class='ocrx_word' id='word_1_285' title='bbox 720 3312 924 3372; x_wconf 87' lang='lat' dir='ltr'>adscribendae</span> <span class='ocrx_word' id='word_1_286' title='bbox 939 3313 1054 3385; x_wconf 90' lang='lat' dir='ltr'>curavit,</span> <span class='ocrx_word' id='word_1_287' title='bbox 1068 3314 1100 3372; x_wconf 89' lang='lat' dir='ltr'>in</span> <span class='ocrx_word' id='word_1_288' title='bbox 1114 3313 1186 3371; x_wconf 91' lang='lat' dir='ltr'>dues</span> <span class='ocrx_word' id='word_1_289' title='bbox 1199 3315 1294 3386; x_wconf 87' lang='lat' dir='ltr'>partes</span> 
     </span>
     <span class='ocr_line' id='line_1_31' title="bbox 179 3409 1295 3485; baseline 0.002 -18"><span class='ocrx_word' id='word_1_290' title='bbox 179 3409 269 3468; x_wconf 85' lang='lat' dir='ltr'>dIvidi</span> <span class='ocrx_word' id='word_1_291' title='bbox 295 3409 425 3483; x_wconf 84' lang='lat' dir='ltr'>possunt</span> <span class='ocrx_word' id='word_1_292' title='bbox 465 3409 587 3482; x_wconf 84' lang='lat' dir='ltr'>Alteras,</span> <span class='ocrx_word' id='word_1_293' title='bbox 613 3411 748 3484; x_wconf 91' lang='lat' dir='ltr'>quoniam</span> <span class='ocrx_word' id='word_1_294' title='bbox 774 3428 880 3485; x_wconf 84' lang='lat' dir='ltr'>magne</span> <span class='ocrx_word' id='word_1_295' title='bbox 906 3429 939 3469; x_wconf 85' lang='lat' dir='ltr'>ex</span> <span class='ocrx_word' id='word_1_296' title='bbox 964 3413 1045 3485; x_wconf 89' lang='lat' dir='ltr'>parte</span> <span class='ocrx_word' id='word_1_297' title='bbox 1070 3411 1163 3469; x_wconf 85' lang='lat' dir='ltr'>Verrii</span> <span class='ocrx_word' id='word_1_298' title='bbox 1187 3410 1295 3469; x_wconf 86' lang='lat' dir='ltr'>tabulis</span> 
     </span>
     <span class='ocr_line' id='line_1_32' title="bbox 179 3491 1294 3582; baseline 0 -18"><span class='ocrx_word' id='word_1_299' title='bbox 179 3524 243 3565; x_wconf 88' lang='lat' dir='ltr'>curn</span> <span class='ocrx_word' id='word_1_300' title='bbox 262 3507 328 3565; x_wconf 82' lang='lat' dir='ltr'>aliis</span> <span class='ocrx_word' id='word_1_301' title='bbox 351 3523 515 3567; x_wconf 88' lang='lat' dir='ltr'>communes</span> <span class='ocrx_word' id='word_1_302' title='bbox 536 3511 611 3580; x_wconf 79' lang='lat' dir='ltr'>sunt,</span> <span class='ocrx_word' id='word_1_303' title='bbox 632 3526 665 3567; x_wconf 83' lang='lat' dir='ltr'>ex</span> <span class='ocrx_word' id='word_1_304' title='bbox 686 3508 770 3566; x_wconf 86' lang='lat' dir='ltr'>fastis</span> <span class='ocrx_word' id='word_1_305' title='bbox 792 3508 917 3582; x_wconf 90' lang='lat' dir='ltr'>publicis</span> <span class='ocrx_word' id='word_1_306' title='bbox 934 3509 1034 3582; x_wconf 91' lang='lat' dir='ltr'>populi</span> <span class='ocrx_word' id='word_1_307' title='bbox 1047 3491 1176 3579; x_wconf 78' lang='lat' dir='ltr'>Romani,</span> <span class='ocrx_word' id='word_1_308' title='bbox 1191 3507 1294 3581; x_wconf 85' lang='lat' dir='ltr'>quibus</span> 
     </span>
     <span class='ocr_line' id='line_1_33' title="bbox 180 3603 1296 3680; baseline 0 -17"><span class='ocrx_word' id='word_1_309' title='bbox 180 3603 331 3678; x_wconf 87' lang='lat' dir='ltr'>pontifices</span> <span class='ocrx_word' id='word_1_310' title='bbox 361 3606 389 3662; x_wconf 94' lang='grc'>41</span> <span class='ocrx_word' id='word_1_311' title='bbox 415 3603 601 3677; x_wconf 87' lang='lat' dir='ltr'>magistratus</span> <span class='ocrx_word' id='word_1_312' title='bbox 628 3606 789 3679; x_wconf 90' lang='lat' dir='ltr'>utebantur,</span> <span class='ocrx_word' id='word_1_313' title='bbox 817 3608 945 3680; x_wconf 84' lang='lat' dir='ltr'>sumptas</span> <span class='ocrx_word' id='word_1_314' title='bbox 974 3623 1036 3664; x_wconf 90' lang='grc'>4444</span> <span class='ocrx_word' id='word_1_315' title='bbox 1057 3607 1183 3680; x_wconf 89' lang='lat' dir='ltr'>apparet.</span> <span class='ocrx_word' id='word_1_316' title='bbox 1224 3605 1296 3664; x_wconf 86' lang='lat' dir='ltr'>Sunt</span> 
     </span>
     <span class='ocr_line' id='line_1_34' title="bbox 179 3700 1296 3777; baseline 0 -17"><span class='ocrx_word' id='word_1_317' title='bbox 179 3703 273 3760; x_wconf 92' lang='lat' dir='ltr'>eutem</span> <span class='ocrx_word' id='word_1_318' title='bbox 293 3703 365 3760; x_wconf 88' lang='lat' dir='ltr'>haec</span> <span class='ocrx_word' id='word_1_319' title='bbox 386 3703 436 3760; x_wconf 89' lang='lat' dir='ltr'>eut</span> <span class='ocrx_word' id='word_1_320' title='bbox 455 3700 517 3759; x_wconf 91' lang='lat' dir='ltr'>ludi</span> <span class='ocrx_word' id='word_1_321' title='bbox 538 3704 566 3760; x_wconf 92' lang='lat' dir='ltr'>et</span> <span class='ocrx_word' id='word_1_322' title='bbox 586 3719 676 3776; x_wconf 87' lang='lat' dir='ltr'>sacre,</span> <span class='ocrx_word' id='word_1_323' title='bbox 699 3720 770 3777; x_wconf 87' lang='lat' dir='ltr'>quae</span> <span class='ocrx_word' id='word_1_324' title='bbox 793 3704 947 3777; x_wconf 86' lang='lat' dir='ltr'>quotannis</span> <span class='ocrx_word' id='word_1_325' title='bbox 962 3706 1037 3764; x_wconf 86' lang='lat' dir='ltr'>certo</span> <span class='ocrx_word' id='word_1_326' title='bbox 1052 3703 1097 3762; x_wconf 93' lang='lat' dir='ltr'>die</span> <span class='ocrx_word' id='word_1_327' title='bbox 1112 3702 1296 3762; x_wconf 90' lang='lat' dir='ltr'>celebraban-</span> 
     </span>
    </p>
   </div>
   <div class='ocr_carea' id='block_1_5' title="bbox 178 3894 1293 4070">
    <p class='ocr_par' dir='ltr' id='par_1_6' title="bbox 178 3894 1293 4070">
     <span class='ocr_line' id='line_1_35' title="bbox 263 3894 1293 3974; baseline 0.001 -20"><span class='ocrx_word' id='word_1_328' title='bbox 263 3894 378 3974; x_wconf 80' lang='grc'>1)11414</span> <span class='ocrx_word' id='word_1_329' title='bbox 401 3897 552 3956; x_wconf 87' lang='lat' dir='ltr'>Suetonius</span> <span class='ocrx_word' id='word_1_330' title='bbox 573 3898 593 3958; x_wconf 87' lang='lat' dir='ltr'>l.</span> <span class='ocrx_word' id='word_1_331' title='bbox 616 3915 640 3958; x_wconf 93' lang='lat' dir='ltr'>c.</span> <span class='ocrx_word' id='word_1_332' title='bbox 663 3901 788 3972; x_wconf 88' lang='lat' dir='ltr'>enarrat;</span> <span class='ocrx_word' id='word_1_333' title='bbox 811 3914 917 3956; x_wconf 89' lang='lat' dir='ltr'>annum</span> <span class='ocrx_word' id='word_1_334' title='bbox 932 3897 973 3956; x_wconf 91' lang='lat' dir='ltr'>ita</span> <span class='ocrx_word' id='word_1_335' title='bbox 988 3897 1138 3956; x_wconf 87' lang='lat' dir='ltr'>constituit</span> <span class='ocrx_word' id='word_1_336' title='bbox 1153 3898 1182 3956; x_wconf 81' lang='lat'>0.</span> <span class='ocrx_word' id='word_1_337' title='bbox 1197 3896 1293 3956; x_wconf 82' lang='lat' dir='ltr'>OdoIr.</span> 
     </span>
     <span class='ocr_line' id='line_1_36' title="bbox 178 3993 705 4070; baseline 0.008 -20"><span class='ocrx_word' id='word_1_338' title='bbox 178 3993 331 4052; x_wconf 85' lang='lat' dir='ltr'>Muellerus</span> <span class='ocrx_word' id='word_1_339' title='bbox 352 3995 383 4052; x_wconf 91' lang='lat' dir='ltr'>in</span> <span class='ocrx_word' id='word_1_340' title='bbox 405 3995 448 4054; x_wconf 90' lang='lat' dir='ltr'>ed.</span> <span class='ocrx_word' id='word_1_341' title='bbox 471 3995 551 4054; x_wconf 83' lang='lat' dir='ltr'>Festi</span> <span class='ocrx_word' id='word_1_342' title='bbox 572 4013 600 4070; x_wconf 92' lang='lat' dir='ltr'>p.</span> <span class='ocrx_word' id='word_1_343' title='bbox 624 3995 705 4054; x_wconf 86' lang='lat' dir='ltr'>XIII.</span> 
     </span>
    </p>
   </div>
   <div class='ocr_carea' id='block_1_6' title="bbox 180 4087 1294 4265">
    <p class='ocr_par' dir='ltr' id='par_1_7' title="bbox 180 4087 1294 4265">
     <span class='ocr_line' id='line_1_37' title="bbox 261 4087 1293 4169; baseline 0.003 -21"><span class='ocrx_word' id='word_1_344' title='bbox 261 4087 285 4165; x_wconf 68' lang='grc'>2)</span> <span class='ocrx_word' id='word_1_345' title='bbox 306 4090 452 4164; x_wconf 83' lang='lat' dir='ltr'>Huschke,</span> <span class='ocrx_word' id='word_1_346' title='bbox 472 4093 532 4151; x_wconf 88' lang='lat' dir='ltr'>Das</span> <span class='ocrx_word' id='word_1_347' title='bbox 554 4093 611 4152; x_wconf 89' lang='lat' dir='ltr'>alte</span> <span class='ocrx_word' id='word_1_348' title='bbox 629 4100 697 4153; x_wconf 81' lang='lat' dir='ltr'>rom.</span> <span class='ocrx_word' id='word_1_349' title='bbox 719 4093 799 4165; x_wconf 86' lang='lat' dir='ltr'>Jahr,</span> <span class='ocrx_word' id='word_1_350' title='bbox 818 4110 846 4166; x_wconf 92' lang='lat' dir='ltr'>p.</span> <span class='ocrx_word' id='word_1_351' title='bbox 870 4093 925 4151; x_wconf 88' lang='grc'>193</span> <span class='ocrx_word' id='word_1_352' title='bbox 946 4093 1013 4166; x_wconf 93' lang='lat' dir='ltr'>post</span> <span class='ocrx_word' id='word_1_353' title='bbox 1033 4109 1059 4150; x_wconf 91' lang='grc'>4.</span> <span class='ocrx_word' id='word_1_354' title='bbox 1077 4110 1105 4152; x_wconf 92' lang='lat' dir='ltr'>u.</span> <span class='ocrx_word' id='word_1_355' title='bbox 1127 4095 1184 4152; x_wconf 92' lang='grc'>757</span> <span class='ocrx_word' id='word_1_356' title='bbox 1211 4091 1245 4169; x_wconf 89' lang='grc'>(4</span> <span class='ocrx_word' id='word_1_357' title='bbox 1265 4109 1293 4166; x_wconf 92' lang='lat' dir='ltr'>p.</span> 
     </span>
     <span class='ocr_line' id='line_1_38' title="bbox 180 4185 1294 4265; baseline 0.002 -19"><span class='ocrx_word' id='word_1_358' title='bbox 180 4185 260 4265; x_wconf 82' lang='lat' dir='ltr'>Chr.)</span> <span class='ocrx_word' id='word_1_359' title='bbox 284 4188 446 4263; x_wconf 85' lang='lat' dir='ltr'>publicatos</span> <span class='ocrx_word' id='word_1_360' title='bbox 468 4206 516 4248; x_wconf 86' lang='lat' dir='ltr'>eos</span> <span class='ocrx_word' id='word_1_361' title='bbox 538 4207 601 4250; x_wconf 90' lang='lat' dir='ltr'>esse</span> <span class='ocrx_word' id='word_1_362' title='bbox 623 4191 777 4262; x_wconf 85' lang='lat' dir='ltr'>contendit,</span> <span class='ocrx_word' id='word_1_363' title='bbox 803 4190 854 4249; x_wconf 87' lang='lat' dir='ltr'>sed</span> <span class='ocrx_word' id='word_1_364' title='bbox 880 4191 977 4248; x_wconf 90' lang='lat' dir='ltr'>causis</span> <span class='ocrx_word' id='word_1_365' title='bbox 995 4207 1102 4264; x_wconf 87' lang='lat' dir='ltr'>parum</span> <span class='ocrx_word' id='word_1_366' title='bbox 1125 4190 1294 4264; x_wconf 89' lang='lat' dir='ltr'>perspicuis.</span> 
     </span>
    </p>
   </div>
   <div class='ocr_carea' id='block_1_7' title="bbox 0 0 1502 4816">
    <p class='ocr_par' dir='ltr' id='par_1_8' title="bbox 0 0 1502 4816">
     <span class='ocr_line' id='line_1_39' title="bbox 0 0 1502 4816; baseline 0 0"><span class='ocrx_word' id='word_1_367' title='bbox 0 0 1502 4816; x_wconf 95' lang='lat' dir='ltr'> </span> 
     </span>
    </p>
   </div>
  </div>
 </body>
</html>
