2994 4816
681 371 790 432 ..¹2
837 406 897 466 ...Ι

222 544 361 604 fastorum
392 543 596 603 Ouidianorum
627 543 836 620 seripserunt¹)‚
866 547 997 620 singulas
1028 548 1157 607 Merkelii
1187 549 1339 622 opiniones

223 643 361 717 corrigere
382 642 535 712 studerent,
556 641 587 698 in
607 641 767 700 universum
789 645 886 702 tamen
906 661 988 704 nemo
1010 645 1037 703 ei
1058 645 1206 705 oblocutus
1223 648 1275 704 est.
1310 647 1337 705 A

221 742 309 815 poeta
333 741 397 814 ipso
423 739 461 797 ad
485 737 576 796 fastos
602 739 734 812 publicos
762 740 947 801 illustrandos
971 742 1061 802 libros
1082 744 1339 817 grammaticorum,

220 837 429 908 historicorum,
450 836 657 910 astrologorum
684 837 811 896 studiose
838 839 928 898 leotos
955 842 984 898 et
1011 839 1164 914 diligenter
1190 845 1337 916 excerptos

221 953 284 995 esse
304 935 461 994 eommunis
482 949 560 992 nuno
581 934 682 1024 opinio
699 934 777 1022 fert-1.
1212 956 1216 964 ·

218 1104 220 1108 .
301 1033 356 1092 Sed
375 1031 484 1106 legenti
504 1031 575 1090 milri
596 1033 805 1114 iterumssatgup
825 1033 926 1092 iterum
948 1035 1074 1094 earmina
1094 1036 1222 1096 Nasonis
1240 1037 1337 1096 minus

220 1131 326 1191 arridet
345 1130 377 1188 in
398 1129 460 1188 dies
480 1131 552 1188 haee
573 1125 680 1203 opinio.
698 1112 824 1202 'Etenim
845 1149 900 1204 quo
922 1133 1036 1206 saepius
1054 1134 1107 1206 eis,
1122 1151 1195 1207 quae
1210 1137 1238 1192 et
1251 1120 1336 1208 poeta

218 1230 282 1303 ipse
303 1229 337 1287 de
358 1227 475 1302 iugenio
496 1243 548 1286 suo
570 1229 598 1286 et
617 1227 743 1287 moribus
759 1227 794 1286 et
814 1230 957 1302 aequales,
976 1230 1128 1304 praeeipue
1157 1231 1273 1304 Seneca,
1300 1233 1336 1290 de

170 1341 173 1346 ·
218 1329 324 1386 natura
348 1327 377 1384 et
404 1325 502 1383 indole
533 1324 594 1382 eius
625 1323 853 1398 narraverunffl),
883 1343 952 1386 usus
982 1329 1076 1388 mente
1107 1328 1178 1386 mihi
1209 1329 1334 1404 depingo

217 1425 374 1500 imaginem
394 1423 540 1497 quandam
561 1422 655 1481 Ouidii
676 1423 708 1482 in
729 1424 904 1483 carminibus
926 1425 1130 1499 componendis
1147 1427 1287 1499 occupati,
1301 1444 1335 1486 eo

218 1523 324 1582 minus·
338 1521 464 1580 animum
491 1521 623 1579 induoere
648 1537 774 1594 possum,
805 1522 838 1579 ut
866 1522 978 1581 credam
1009 1525 1181 1582 ‘tenerorum
1211 1524 1333 1584 lusorem

218 1619 430 1692 amorum',.oui

376 1733 429 1775 nee
449 1715 564 1788 patiens
586 1732 687 1790 eorpus
708 1733 761 1775 nee
781 1733 862 1775 mens
883 1717 938 1776 luit
958 1718 1027 1790 apta
1046 1715 1147 1789 labori,

216 1817 358 1874 versatum
392 1831 455 1873 esse
489 1813 520 1871 in
552 1812 635 1871 libris
665 1813 787 1873 virorum
818 1814 979 1886 dootomm,
1010 1813 1150 1887 imprimis
1181 1815 1212 1873 in
1242 1817 1333 1876 uastis

216 1913 353 1974 Varronis
374 1911 514 1986 operibus,
535 1913 620 1985 atque
641 1928 675 1969 ex
696 1912 738 1970 eis
760 1911 863 1983 emnia,
884 1929 957 1986 quae
978 1912 1015 1970 ad
1034 1912 1126 1970 fastos
1145 1913 1333 1975 illustrandos
1382 1927 1385 1932 '
1483 1895 1484 1938 ³

216 2011 320 2070 idonea
340 2011 508 2080 uiderentur,
530 2008 731 2067 diuersissimis
753 2009 864 2067 seilicet
883 2009 968 2067 rebus
997 2009 1095 2067 abdite
1120 2011 1209 2068 multo
1235 2011 1333 2072 labora

217 2110 245 2168 et
267 2109 367 2168 sudore
388 2108 504 2166 eruisse.
536 2107 625 2165 Nulla
645 2108 719 2164 oerte
740 2107 799 2164 alia
818 2107 904 2165 huius
924 2109 1025 2180 poetae
1047 2124 1132 2180 opera
1146 2108 1277 2168 videntur
1290 2110 1334 2168 ita

216 2207 380 2265 elucubrata
404 2221 474 2276 esse,
499 2222 536 2264 ue
560 2205 824 2278 metamorphoseon
851 2203 920 2262 libri
947 2205 1070 2278 quidem.
1112 2205 1188 2264 Nam
1208 2206 1332 2280 fabulae,

216 2321 288 2377 quae
309 2303 351 2362 eis
372 2304 545 2374 enarrantur,
560 2301 629 2375 quin
648 2300 708 2359 viro
730 2318 748 2358 a
767 2303 870 2360 natura
889 2302 1052 2377 largissime
1072 2302 1190 2377 ingenio
1216 2306 1244 2362 et
1272 2323 1331 2364 me·

214 2401 304 2460 moria
327 2401 464 2474 praedito,
490 2400 540 2474 qui
565 2400 633 2458 iude
659 2417 677 2457 a
701 2399 874 2458 iuvenilibus
900 2400 985 2458 aunis
1010 2400 1093 2459 libris
1124 2403 1271 2474 poetarum
1302 2405 1333 2462 et

214 2499 380 2559 Latinorum
400 2500 429 2556 et
449 2499 619 2558 Graeoomm
641 2514 755 2570 operam
776 2497 856 2554 dedit
868 2499 1025 2571 poetasque
1039 2515 1108 2556 suae
1122 2500 1226 2559 aetatis
1241 2501 1330 2560 coluit

214 2597 347 2670 fovitque,
377 2613 430 2654 sua
461 2598 563 2670 sponte
590 2611 682 2669 paene
709 2594 836 2668 undique
862 2612 893 2652 se
919 2595 1081 2667 obtulerint,
1107 2597 1171 2669 quis
1198 2601 1249 2671 est,
1280 2601 1331 2673 qui

214 2691 372 2771 dubitet?³)

296 2887 316 2961 ¹)
338 2890 412 2948 Sunt
431 2890 524 2947 autem
544 2887 576 2945 hi
596 2886 666 2945 fere:

291 2987 473 3046 Hermanuus
487 2986 598 3043 Peter
618 2985 650 3043 in
664 2985 884 3059 prolegomenis,
905 2984 1149 3058 annotationibus,
1170 2987 1328 3061 appendice

213 3085 347 3144 editionis
368 3101 436 3143 suae
457 3082 553 3142 Ovidii
573 3080 710 3140 fastorum
732 3083 880 3142 secundae.
922 3083 1039 3157 Lipsiae
1064 3085 1148 3142 1879.
1170 3085 1210 3143 Π.

291 3179 646 3242 ChristianusHuelsen:
660 3181 861 3240 varronianae
876 3181 1021 3242 doetrinae
1038 3198 1178 3254 quaenam
1189 3182 1220 3241 in
1232 3182 1327 3242 Ovidii

210 3281 307 3340 Fastis
320 3279 444 3354 uestigia
464 3279 570 3336 extent.
609 3278 687 3339 Dies.
710 3281 809 3354 inaug.
831 3279 923 3337 Berol.
950 3280 1035 3337 1880.
1263 3287 1266 3294 “

292 3377 461 3436 Sohenkl:
489 3376 606 3435 Ovidius
633 3378 693 3436 und
719 3377 827 3436 Liuius.
855 3375 1007 3454 (Zeitsohr.
1033 3376 1054 3435 f.
1081 3378 1196 3435 oesterr.
1221 3376 1345 3450 Gpmn..

210 3475 251 3534 XI
275 3475 351 3533 1860
371 3491 400 3547 p.
421 3475 480 3533 401
502 3473 584 3551 sqq.)

289 3571 423 3631 Ideler:
443 3571 536 3629 Ueber
556 3572 612 3630 den
632 3573 784 3633 astronom.
805 3571 888 3630 Theil
908 3571 957 3629 der
971 3571 1054 3629 Pasti
1068 3571 1118 3630 des
1133 3569 1213 3628 Ouid.
1233 3568 1324 3646 (Abh.

210 3671 238 3730 d.
258 3671 333 3729 Berl.
355 3669 444 3728 dead.
470 3669 554 3727 1822.
576 3671 625 3728 23.
646 3668 763 3746 (1825.)
783 3687 812 3743 p.
837 3671 892 3728 137
914 3667 995 3745 sqq.)

289 3767 405 3828 Carolus
438 3765 586 3846 Ruobert:
633 3766 832 3826 Eratosthenis
877 3765 1133 3824 eatasterismorum
1176 3765 1324 3839 reliquiae.

207 3867 301 3925 Berol.
324 3865 409 3924 1878.
431 3861 474 3938 (p.
494 3865 555 3938 29.)
576 3897 615 3908 -

290 3960 313 4036 ²)
333 3963 398 4021 vide
419 3961 686 4033 Teuffel-Schwabe,
707 3961 809 4020 Gesoh.
831 3962 859 4021 d.
879 3967 948 4020 rdm.
970 3959 1086 4020 Literet
1106 3959 1208 4038 3247,
1225 3963 1239 4020 l
1256 3963 1284 4021 et
1297 3964 1324 4022 6.

289 4057 318 4137 3)
339 4060 375 4119 of.
397 4060 435 4118 M.
453 4059 609 4134 Hauptium
623 4060 654 4117 in
668 4058 812 4133 prooemio
826 4058 961 4118 editionis
975 4075 1043 4118 suae
1057 4059 1323 4134 Metamorphoseou

207 4158 316 4232 (Berol.
342 4158 426 4216 1862.
445 4174 473 4230 p.
499 4155 573 4234 11.):
593 4157 650 4216 ‘der
670 4157 795 4232 Umfang
817 4158 877 4217 uud
904 4158 950 4217 die
970 4158 1024 4216 Art
1048 4157 1098 4216 der
1123 4157 1249 4230 Studien,
1275 4155 1328 4216 auf
