2994 4816
564 414 865 474 .-5-

423 587 551 662 Occupat
580 585 690 661 Aprilis
717 586 781 644 idus
809 588 978 662 cognomine
996 587 1103 648 'Victor
1131 599 1133 606 ’

386 731 388 738 ,
462 684 613 758 Juppiter:
632 683 687 741 hac
707 683 752 742 illi
772 687 840 743 sunt
864 686 932 744 data
952 687 1060 761 templa
1081 687 1135 745 die.

211 784 257 864 Ad
277 785 426 858 utrumque
448 782 522 840 diem
543 783 637 839 autem
657 781 688 839 in
709 781 794 841 fastis
809 783 972 842 Maffeianis
987 784 1062 842 nihil
1079 785 1255 858 adscriptum
1270 786 1322 843 est.

288 883 392 942 Festos
410 882 512 950 autem,
534 895 605 952 quos
625 881 710 952 poeta
730 880 762 938 in
783 898 866 955 opere
887 882 1033 942 condendo
1055 882 1092 940 ad
1112 899 1214 941 manus
1235 882 1323 941 habe·

208 979 267 1051 bat,
294 997 352 1039 non
377 977 503 1037 tabulam
532 977 655 1037 cuiusvis
681 979 829 1050 materiae,
857 978 908 1036 sed
932 979 1037 1036 librum
1063 979 1095 1040 id
1122 982 1166 1040 est
1192 981 1323 1040 volumen

210 1077 308 1150 fuisse,
327 1077 390 1150 ipse
412 1077 506 1135 1657
528 1094 592 1150 sqq.
615 1077 729 1136 disertis
750 1076 844 1136 verbis
866 1078 979 1136 narrat:

329 1174 383 1233 Ter
403 1176 503 1248 quater
523 1175 641 1235 evolvi
661 1175 847 1249 signantes
867 1176 1032 1247 tempora
1052 1174 1181 1247 fastos,

406 1289 460 1330 nec
481 1273 641 1331 sementina
661 1275 705 1331 001
724 1273 784 1331 ulla
804 1273 915 1346 reperta
936 1271 1009 1330 dies:

329 1387 392 1428 cum
412 1370 483 1428 mihi
504 1368 612 1446 (sensit
632 1369 722 1447 enim)
744 1371 813 1428 ‘Lux
832 1370 903 1428 haec
924 1370 1073 1442 indicitur,’
1094 1371 1146 1444 inq
1168 1369 1190 1426 't

406 1468 497 1539 Musa,
511 1468 608 1541 ‘quid
623 1467 769 1526 0100110
784 1485 855 1527 non
869 1469 967 1526 stata
983 1468 1226 1541 sacrapetisi’
1241 1483 1322 1543 o.q.s.

142 1643 143 1646 Ἴ
207 1564 310 1625 Nonne
342 1565 436 1638 ipsum
466 1567 579 1639 poetam
606 1565 638 1623 in
663 1583 747 1639 opere
775 1582 826 1625 suo
853 1567 1014 1624 versantem
1040 1581 1132 1640 paene
1159 1565 1249 1624 oculis
1271 1566 1322 1624 ad-

208 1663 363 1737 spicimus?
394 1663 441 1721 Ita
462 1662 537 1720 enim
557 1662 610 1721 hos
630 1679 727 1729 versus
749 1663 951 1737 interpretatus
973 1663 1043 1722 sim:
1065 1662 1134 1721 Cum
1151 1663 1181 1720 in
1197 1663 1321 1721 carmine

207 1761 360 1836 pangendo
380 1777 468 1834 prope
489 1760 526 1818 ad
554 1759 640 1818 funem
664 1761 772 1819 mensis
797 1761 931 1820 Jauuarii
957 1760 1092 1832 venisset,
1119 1759 1252 1817 feriarum
1277 1777 1321 1818 se·

161 1912 164 1917 ,
207 1859 397 1918 mentinarum
422 1857 449 1915 ei
474 1857 505 1915 in
530 1858 652 1914 mentem
677 1857 764 1930 venit,
792 1859 897 1934 quippe
925 1875 998 1932 quae
1024 1857 1074 1917 illo
1100 1857 1170 1915 anni
1196 1859 1320 1932 tempore

209 1955 346 2014 celebrari
372 1953 504 2014 solerent.
547 1954 671 2023 Quarum
698 1955 772 2013 diem
799 1957 831 2014 ut
857 1958 1048 2030 cognosceret,
1076 1955 1198 2029 primum
1229 1955 1320 2016 fastos

207 2070 274 2113 suos
294 2052 420 2127 inspexit
439 2051 469 2109 id
490 2053 534 2109 est
553 2052 684 2130 volumen
705 2051 842 2115 fastorum
861 2053 957 2112 volvit.
1000 2053 1056 2111 Sed
1080 2054 1209 2126 quamvis
1234 2071 1320 2127 quae·

206 2153 279 2210 reret
301 2153 447 2223 totumque
470 2149 574 2207 librum
608 2152 651 2208 ter
673 2153 827 2224 quaterque
862 2151 1000 2211 evolveret
1030 2152 1059 2209 et
1089 2153 1318 2224 perscrutaretur,

207 2249 317 2308 nullum
349 2248 424 2306 diem
454 2247 572 2320 invenit,
600 2248 645 2306 oui
670 2251 740 2309 nota
768 2247 900 2307 feriarum
928 2249 1149 2307 sementinamm
1175 2249 1319 2323 adscripta

207 2348 274 2406 erat.
327 2347 399 2405 Tum
420 2345 531 2404 demum
551 2347 681 2405 meminit
700 2347 754 2404 has
775 2346 868 2418 ferias,
891 2346 1026 2420 quoniam
1048 2346 1236 2420 concaptivae,
1260 2363 1318 2406 non

205 2446 327 2504 stativae
348 2444 503 2515 essentia
525 2443 609 2502 fastis
634 2445 749 2505 omnino
770 2445 887 2520 reperiri
909 2461 968 2504 non
989 2461 1083 2518 posse.
1118 2445 1214 2517 Atque
1241 2444 1317 2502 haud

117 2555 124 2568 ·
206 2541 331 2618 illepidis
359 2541 496 2613 versibus,
517 2543 656 2615 quomodo
678 2541 810 2600 erraverit
831 2544 859 2600 et
879 2559 897 2599 a
923 2543 1007 2600 Musa
1033 2543 1172 2601 correctus
1201 2542 1246 2614 sit
1270 2543 1318 2600 de-

202 2640 311 2700 scribit.
485 2699 489 2706 ,

285 2739 354 2797 Tale
374 2737 506 2798 volumen
526 2738 671 2808 fastorum,
693 2737 777 2811 quale
799 2737 830 2796 in
851 2736 945 2796 Ovidii
965 2736 1098 2796 manibus
1118 2737 1208 2796 fuisse
1233 2737 1316 2798 nobis

203 2853 370 2912 persuasum
384 2837 435 2907 est,
457 2852 627 2908 quamquam
648 2835 826 2894 librariorum
848 2821 915 2892 cura
936 2837 1076 2893 servatum
1097 2852 1155 2895 non
1177 2837 1228 2906 est
1250 2836 1317 2909 quia

203 2934 298 2994 omnia
318 2951 418 3008 paene,
435 2949 508 3006 quae
523 2932 695 3003 continebat
709 2933 776 2990 iude
791 2949 809 2989 a
822 2932 997 3005 temporibus
1013 2932 1179 2991 christianis
1195 2935 1223 2991 01
1238 2935 1316 2992 extra

201 3033 299 3092 urbem
319 3032 437 3091 Romam
459 3032 508 3088 aut
527 3029 643 3090 omnino
664 3047 721 3090 uon
751 3029 991 3104 intellegebantur
1016 3031 1065 3087 aut
1089 3030 1175 3104 plane
1200 3030 1316 3090 inutilia

203 3132 291 3201 erant
305 3131 401 3187 tamen
414 3128 553 3186 habemus
567 3127 642 3185 inter
656 3128 785 3202 exempla
798 3127 935 3187 fastorum
949 3128 1042 3186 aetate
1057 3127 1151 3186 Ovidii
1168 3129 1314 3203 lapidibus

161 3237 162 3240 ’
202 3229 297 3298 incisa
316 3244 412 3297 unum,
434 3226 509 3299 quod
529 3225 714 3300 hemerologii
735 3225 771 3283 ab
793 3223 888 3284 ovidio
910 3223 941 3281 in
960 3241 1044 3282 usum
1067 3225 1160 3284 vocati
1188 3243 1247 3286 non
1273 3226 1316 3285 ita

202 3323 342 3385 dissimile
362 3322 452 3380 fuisso
472 3322 674 3383 contenderim.
715 3323 850 3382 Fastos
871 3321 935 3381 dico
955 3322 1232 3396 Praenestinos,
1253 3324 1315 3398 qui·

197 3425 255 3483 bus
275 3420 348 3480 nulli
368 3419 495 3494 pluribus
517 3422 545 3478 01
565 3420 771 3495 copiosioribus
786 3419 863 3480 notis
877 3419 1013 3477 exstructi
1027 3421 1103 3478 sunt.
1132 3420 1168 3477 In
1182 3421 1224 3479 cis
1239 3421 1315 3479 enim

201 3520 350 3582 occurrunt
370 3517 467 3577 omnia
487 3535 528 3589 ea,
550 3535 622 3592 quae
644 3535 677 3576 ex
697 3517 785 3575 fastis
806 3535 836 3576 se
857 3516 1014 3590 sumpsisse
1034 3515 1151 3576 Ovidius
1172 3518 1234 3592 ipse
1257 3521 1315 3578 tes·

200 3622 284 3690 tatur,
304 3633 357 3677 nos
378 3617 472 3673 autem
490 3632 552 3674 oum
567 3616 598 3674 in
613 3615 712 3673 ceteris
726 3617 787 3673 tum
800 3615 832 3674 in
846 3614 1009 3674 llaffeianis
1023 3614 1128 3674 flustra
1143 3615 1313 3689 quaerimus.

200 3716 321 3787 Etenim,
342 3715 375 3772 ut
394 3729 492 3771 versus
513 3712 608 3771 Ovidii
628 3712 710 3772 modo
730 3713 862 3773 laudatos
884 3730 947 3771 eum
969 3712 1045 3772 notis
1066 3713 1204 3772 fastomm
1227 3714 1315 3772 Prae·

200 3814 376 3873 aestiuorum
396 3811 494 3871 eodem
515 3811 613 3871 ordine
633 3809 755 3869 breviter
776 3827 945 3885 comparem:

284 3911 308 3968 l.
330 3910 367 3967 ad
389 3909 442 3968 cal.
464 3909 532 3967 Jau.
553 3907 692 3981 praebent
712 3906 781 3965 10011
802 3904 1024 3981 Praenestini¹):

499 4003 693 4082 [Aescu]lapio
714 4005 832 4064 Vediovi
850 4007 882 4064 in
902 4005 1006 4063 insula.

284 4199 310 4278 ¹)
332 4202 438 4275 corpus
459 4201 678 4276 inscriptionum
697 4199 859 4272 latinarum,
878 4200 932 4259 vol.
954 4199 970 4257 I
990 4217 1018 4274 p.
1041 4201 1099 4258 ala
1121 4216 1185 4273 sqq.
