2994 4816
639 373 853 436 ,41-

191 547 274 607 modo
306 563 364 606 non
397 546 518 619 obstare,
550 547 600 606 sed
627 549 723 622 potius
751 549 783 607 in
814 548 855 607 eis
880 549 985 608 multas
1010 566 1055 608 res
1083 549 1213 621 inveniri,
1239 567 1311 624 quae

189 645 257 704 huic
279 645 485 704 existimationi
506 645 651 720 egregium
672 647 703 704 in
724 647 837 706 modum
858 646 962 706 favent.

273 743 328 802 Sed
355 742 521 817 priusquam
548 743 639 804 fastos
665 743 766 802 Praen.
786 744 986 818 relinquimus,
1013 744 1083 804 dnos
1111 763 1205 805 eorum
1232 746 1310 805 locos

193 841 426 914 contemplemur,
455 840 504 913 qui
530 839 621 898 eidem
647 841 744 916 aliquo
771 842 854 902 modo
881 859 944 901 cum
965 841 1066 902 Ovidio
1093 843 1224 902 videntur
1244 860 1312 902 corr-

190 938 308 996 sentire.

276 1034 371 1094 Verba
385 1034 463 1093 enim
477 1033 571 1092 Ovidii
586 1035 633 1094 III
647 1037 779 1096 55-58:

404 1149 463 1192 non
478 1149 530 1206 ego
544 1133 581 1204 te,
595 1134 693 1192 tantae
707 1133 803 1192 nutrix
817 1135 952 1194 Larentia
965 1137 1071 1210 gentis,

446 1246 499 1288 nec
513 1232 624 1290 taceam
638 1232 755 1302 vestras,
768 1233 905 1291 Faustule
920 1250 1036 1307 pauper,
1052 1249 1129 1307 opes.

405 1329 500 1386 vester
512 1329 604 1387 bonos
617 1329 720 1400 reniet
735 1346 798 1388 cum
812 1331 977 1390 Larentalia
992 1331 1101 1388 dicam:

447 1427 582 1499 acceptus
597 1427 692 1500 geniis
707 1427 759 1485 illa
773 1427 928 1486 December
941 1427 1037 1486 habet.

191 1523 295 1584 mirum
309 1524 447 1597 quantum
467 1523 609 1596 quadrant
628 1525 659 1582 in
680 1527 778 1585 notam
796 1525 934 1584 lastomm
948 1526 1050 1583 Praen.
1066 1525 1102 1582 ad
1117 1525 1184 1584 Dec.
1200 1527 1249 1585 23.
1264 1526 1314 1584 ad-

191 1622 344 1694 scriptam:

235 1717 475 1796 [LA]R(ontalia)
492 1717 616 1796 [Perliae
629 1720 704 1779 Jovi.
725 1721 818 1780 Accae
832 1720 1018 1797 Larentln[ae
1032 1720 1194 1795 parentalia
1215 1719 1312 1797 fiunt]

578 1816 654 1875 banc
682 1817 734 1876 alii
763 1819 844 1877 Remi
876 1821 904 1877 et
923 1818 1050 1894 Romluli
1071 1819 1224 1888 nutricem,
1249 1818 1312 1895 alii]

579 1915 768 1987 meretricem,
782 1916 914 1975 Herculis
929 1917 1054 1975 scortum
1070 1913 1171 1991 [fuisse
1186 1916 1314 1993 diclunt3

1127 2032 1150 2072 e.
1167 2032 1194 2088 q.
1210 2031 1233 2072 s.

277 2111 408 2184 Denique
421 2111 602 2183 exhislocis,
622 2110 872 2184 quiposttabulae
884 2110 1031 2169 absolutas
1053 2127 1140 2168 manu
1160 2111 1315 2170 recentiore

191 2209 286 2268 additi
313 2210 393 2280 sunt,
421 2226 495 2268 unus
522 2209 558 2266 ab
581 2207 681 2267 Ovidio
704 2224 814 2280 quoque
846 2209 876 2266 in
901 2209 1044 2280 versibus,
1075 2225 1146 2282 qnos
1172 2209 1202 2266 in
1231 2209 1315 2267 exilio

193 2307 307 2366 demum
322 2306 469 2380 scripserit
483 2321 600 2364 necesse
616 2308 667 2378 est,
688 2305 849 2379 attingitur.
885 2305 962 2364 Nam
977 2306 1014 2363 ad
1028 2307 1096 2364 Jan.
1115 2307 1160 2364 16.
1176 2306 1314 2379 praebent

194 2403 264 2463 fasti
285 2403 430 2464 Veniani:

196 2502 370 2562 Concordiae
386 2500 545 2578 Au[gustao
560 2500 639 2558 aedis
654 2499 798 2576 dedicat]a
813 2502 857 2558 est
870 2501 904 2559 P.
914 2500 1065 2559 Dolabella
1076 2501 1106 2558 O.
1117 2500 1215 2558 Silano
1230 2497 1315 2576 co[s.]

194 2603 225 2659 et
245 2599 363 2658 Ovidius
383 2599 399 2656 Ι
420 2601 478 2658 637
504 2615 567 2673 sqq.

338 2696 467 2756 Candida
487 2697 516 2753 te
537 2697 619 2754 niveo
640 2696 737 2769 posuit
756 2695 805 2753 lnx
826 2695 954 2769 proxima
974 2695 1089 2768 templo,

377 2811 434 2868 qua
454 2793 509 2852 fert
529 2793 666 2852 sublimes
688 2795 748 2852 alta
769 2793 886 2852 Moneta
907 2793 1028 2868 gradus:

334 2908 412 2950 nunc
431 2892 504 2949 bene
525 2891 682 2965 prospicies
703 2893 823 2961 Latiam,
849 2891 1013 2962 Concordia,
1034 2889 1153 2961 turbam,

377 2991 502 3047 nuncto
524 2991 651 3048 sacratae
674 2989 845 3047 constituere
867 3007 978 3048 manue.
1049 2989 1103 3046 cet.

280 3087 334 3146 Sed
359 3087 413 3147 hoc
435 3087 534 3144 afferre
556 3087 629 3144 satis
653 3087 758 3158 habeo;
784 3103 880 3144 vereor
900 3089 994 3146 autem
1016 3085 1207 3144 coniecturam
1228 3083 1316 3141 nimis

196 3185 338 3244 lubricam
365 3202 529 3258 proponere,
557 3185 697 3258 quomodo
721 3185 769 3242 hic
790 3201 871 3242 unus.
885 3185 965 3244 locus
987 3185 1015 3242 et
1035 3183 1067 3241 in
1086 3181 1194 3240 tabulis
1215 3182 1329 3238 Praem

196 3283 278 3342 etin
299 3283 427 3341 Nasonis
449 3282 573 3340 carmine
594 3283 695 3354 postea
716 3282 830 3340 additus
853 3282 900 3340 sit.
923 3315 960 3324 —

279 3479 318 3537 llt
343 3496 407 3538 vero
436 3479 691 3536 demonstraremus
719 3477 840 3536 maiores
861 3475 954 3534 Verrii
974 3474 1073 3534 Flacci
1101 3472 1191 3533 fastos
1213 3474 1318 3532 Romae

199 3575 309 3635 libellis
343 3575 505 3649 publicatos
540 3575 646 3634 iontem
682 3576 710 3632 et
744 3575 830 3646 capnt
865 3573 1011 3631 doctrinae
1045 3573 1077 3630 in
1108 3570 1204 3629 Ovidii
1234 3570 1318 3628 fastis

197 3675 326 3748 prolatae
352 3673 450 3745 fuisse,
477 3690 535 3734 non
563 3673 655 3730 solum
676 3670 767 3728 fastos
789 3671 891 3728 Praen.
914 3687 978 3728 cum
1000 3669 1150 3729 Ovidianis
1173 3685 1319 3740 compara-

197 3773 299 3844 vimus,
318 3789 415 3830 vemm
436 3771 521 3830 etiam
543 3769 631 3828 altero
652 3769 725 3826 teste
752 3784 966 3840 nonnumquam
993 3767 1039 3825 nri
1064 3783 1171 3837 sumus,
1196 3782 1260 3824 cum
1287 3765 1318 3824 in

199 3869 352 3929 sententiis
380 3871 408 3926 et
434 3867 529 3926 Ovidii
550 3868 578 3926 et
598 3867 691 3926 Verrii
713 3866 911 3939 comparandis
932 3866 1032 3923 nostra
1052 3864 1212 3934 interesset,
1232 3863 1317 3921 huius

200 3968 358 4027 doctrinam
380 3966 540 4024 accuratius
562 3981 739 4039 cognoscere,
761 3963 877 4022 Verrii
898 3963 1031 4033 eiusdem,
1053 3961 1126 4032 dico,
1151 3977 1255 4033 opere
1277 3960 1318 4018 de

197 4065 387 4124 verborum
413 4061 720 4136 significatione,
749 4062 828 4120 Festi
854 4061 994 4132 Paulique
1015 4058 1147 4132 epitomis
1169 4057 1319 4118 memoriae

201 4163 318 4222 tradito.
356 4162 449 4236 Atque
471 4160 501 4218 in
523 4161 565 4224 eis
588 4177 700 4234 quoque
721 4159 802 4230 locis,
833 4159 867 4217 de
889 4156 992 4230 quibus
1014 4173 1047 4213 ex
1066 4155 1121 4214 hoc
1143 4171 1225 4228 opere
1246 4153 1322 4213 nihil
