2994 4816
627 322 842 382 ..54-

181 453 372 556 ostenderunt.
413 496 507 570 Atque
529 497 626 556 eodem
646 497 736 568 modo,
757 515 812 570 quo
832 514 897 569 nos,
917 497 970 556 viri
991 498 1067 556 docti
1083 499 1132 574 illi
1154 499 1230 556 haud
1248 498 1292 556 ita

180 612 284 669 magno
299 593 414 669 negotio
429 611 471 666 ea,
492 611 563 667 quae
578 612 596 652 a
609 596 693 668 pocta
708 595 790 652 aliter
804 596 888 668 etpue
903 614 921 654 a
934 597 1119 680 grammatico
1133 597 1292 667 traduntur,

182 694 231 750 aut
245 710 277 750 ex
291 690 397 754 'natura
416 693 551 751 carminis
572 693 678 752 alibro
697 692 749 750 viri
772 693 847 752 docti
868 694 1054 753 diversissimi
1074 697 1124 754 aut
1142 711 1174 753 ex
1193 695 1291 752 indole

182 790 276 850 Ovidii
295 789 545 862 disquisitionibus
565 790 758 864 grammaticis
778 791 873 848 aliena
892 792 1109 866 explicaverunt.
1151 795 1250 865 Itaque
1265 793 1292 850 si

181 886 305 946 locorum
330 905 462 950 numerus
485 889 516 946 in
540 906 655 948 censum
679 889 800 962 veniret,
821 888 914 962 magis
935 889 1070 961 Varronis
1095 907 1180 964 quarn
1200 889 1293 950 Verrii

182 986 271 1044 libros
293 985 328 1043 ab
344 985 444 1045 Ovidio
465 987 495 1044 in
514 1003 595 1044 usum
611 1004 674 1050 osse
687 989 802 1046 vocatos
822 986 1005 1070 manifestum
1026 990 1110 1046 esset.
1138 989 1214 1048 Huic
1226 1005 1293 1046 vero

182 1083 319 1156 opinioni,
344 1100 429 1156 quam
453 1085 520 1142 inde
544 1101 562 1142 a
583 1085 717 1144 Merkelio
743 1087 779 1144 ad
799 1103 885 1144 unum
910 1103 1015 1157 omnes,
1040 1087 1089 1159 qui
1109 1086 1143 1144 (16
1163 1086 1292 1146 lontibus

182 1182 319 1240 fastorum
334 1181 427 1240 Ovidii
442 1181 623 1255 scripserunt,
639 1185 728 1242 secuti
743 1185 818 1254 sunt,
832 1183 971 1256 imprimis
985 1184 1039 1242 hac
1054 1201 1117 1242 mea
1139 1183 1293 1256 disputati-

183 1280 287 1338 uncula
302 1279 444 1338 adversari
459 1281 567 1340 studeo.
609 1280 683 1338 Nam
698 1273 817 1354 primum
837 1281 933 1339 omnia
953 1298 1051 1355 paene,
1073 1299 1144 1356 quae
1165 1281 1294 1340 inlibris

183 1377 429 1452 grammaticorum
456 1378 644 1438 Romanorum
672 1379 832 1450 traduntur,
864 1379 908 1437 vel
941 1379 995 1438 hac
1018 1380 1076 1437 -vel
1103 1381 1155 1438 illa
1182 1381 1230 1438 via
1257 1380 1294 1438 sd

183 1477 326 1548 Varronis,
340 1476 564 1550 ‘diligentissimi
576 1477 787 1551 investigatoris
799 1476 998 1550 antiquitatis,
1009 1478 1204 1536 auctoritatem
1215 1495 1295 1537 revo-

184 1575 241 1633 cari
268 1575 403 1647 possunt,
438 1575 487 1648 qui
515 1576 673 1633 sententias
700 1575 837 1632 maiorum
865 1592 963 1634 omues
992 1577 1121 1650 collegit,
1148 1575 1294 1646 iudicavit,

184 1673 351 1747 saepissime
365 1672 505 1745 refutavit,
524 1673 636 1747 ingenti
647 1691 738 1731 rorum
752 1674 928 1732 multitudini
942 1674 1049 1748 primus
1063 1674 1173 1732 lumina
1187 1674 1293 1731 attulit.

185 1773 255 1830 Tum
274 1789 338 1831 vero
360 1771 475 1832 omniuo
496 1770 570 1828 nihil
588 1771 767 1829 tribuendum
789 1774 832 1830 ost
855 1789 916 1832 meo
938 1773 1051 1846 quidem
1071 1771 1177 1832 iudicio
1200 1772 1225 1830 ei
1245 1772 1295 1843 rei,

185 1871 259 1944 quod
274 1888 336 1928 cum
351 1870 405 1930 boc
419 1855 603 1944 grammatico
623 1870 736 1942 saepius
758 1871 890 1928 convenit
904 1870 1021 1929 Ovidius
1044 1851 1128 1944 quam
1151 1888 1214 1928 curn
1233 1870 1294 1929 illo.

184 1970 278 2041 Atque
292 1967 322 2026 id
336 1968 449 2041 quidem
465 1985 497 2026 ea
512 1967 545 2024 de
560 1985 656 2039 causa,
678 1969 746 2040 quia
764 1985 821 2026 non
836 1971 894 2026 tarn
909 1986 991 2041 opere
1005 1968 1190 2043 grammatici,
1210 1985 1295 2042 quam

185 2066 297 2124 fastis
311 2083 391 2124 usum
408 2083 470 2124 esse
485 2067 630 2125 Nasonem
652 2067 773 2126 constat.
815 2066 960 2124 Extabant
979 2069 1072 2124 autem
1087 2066 1182 2124 Ovidii
1203 2068 1295 2124 aetate

184 2164 254 2228 fasti
279 2164 348 2222 anni
368 2164 479 2223 Juliani
502 2165 610 2238 publici
632 2165 877 2239 grammaticorum
902 2165 1031 2223 doctrina
1055 2165 1199 2236 illustrati,
1224 2181 1295 2237 quos

186 2263 334 2323 Verrius
355 2263 505 2321 Flaccus
524 2263 692 2336 publicavit,
718 2279 809 2336 neque
829 2263 983 2336 quidquem
1004 2264 1037 2321 (16
1058 2263 1191 2322 Varronis
1211 2262 1295 2320 fastis

186 2361 336 2421 memoriae
356 2361 490 2419 traditum
512 2363 563 2419 est.
605 2363 699 2435 Atque
721 2361 854 2433 quoniam
876 2361 973 2420 horum
993 2361 1130 2420 fastorum
1151 2360 1296 2434 reliquiae,

186 2459 347 2534 fragmenta
367 2459 502 2518 fastorum
517 2460 773 2529 Praenestinorum,
794 2458 836 2516 ita
855 2475 917 2516 cum
933 2459 1033 2518 Ovidio
1055 2459 1245 2530 consentiunt,
1265 2461 1298 2516 ut

186 2559 267 2616 nulla
281 2575 309 2616 re
324 2558 521 2632 impediamur,
545 2556 694 2631 quominus
709 2555 800 2616 Verrii
814 2555 911 2615 Flacci
925 2556 1015 2614 fastos
1030 2575 1047 2615 a
1063 2558 1148 2630 poeta
1171 2574 1232 2616 esse
1247 2557 1298 2614 ad-

186 2656 294 2715 hibitos
309 2656 509 2726 existimemus,
533 2673 565 2712 ex
586 2671 667 2728 opere
690 2672 801 2728 quoque
821 2653 945 2712 eiusdem
965 2656 1087 2714 auctoris
1103 2656 1137 2714 de
1151 2655 1296 2714 verborum

187 2743 399 2827 'significatione
418 2753 461 2811 iili
481 2753 551 2824 loci,
571 2753 619 2826 qui
640 2746 703 2810 'cum
723 2753 806 2810 fastis
826 2752 975 2811 ovidianis
994 2754 1151 2828 comparari
1169 2755 1298 2827 possunt,

188 2851 224 2908 ad
244 2853 371 2910 nostram
392 2852 563 2911 sententiam
585 2851 767 2910 muniendam
794 2851 910 2909 maximi
935 2853 1002 2909 sunt
1026 2853 1172 2912 momenti.

268 2950 312 3008 Ne
325 2967 388 3009 vero
404 2951 441 3009 ad
455 2950 575 3009 eundem
596 2949 681 3008 finem
702 2949 743 3008 eis
765 2965 877 3022 quoque
891 2952 1009 3021 utamur,
1031 2968 1103 3023 quae
1118 2951 1152 3008 do
1167 2951 1298 3010 doctrina

187 3047 279 3108 Verrii
293 3048 330 3106 ab
345 3049 410 3108 aliis
424 3049 535 3122 praeter
548 3048 664 3106 Festum
678 3048 854 3122 Paulumque
869 3049 997 3108 auctores
1016 3047 1165 3107 memoriae
1185 3048 1298 3122 prodita

188 3148 263 3217 sunt,
285 3164 316 3205 eo
335 3147 522 3220 prohibemur,
543 3146 618 3219 quod
638 3148 713 3205 inter
734 3163 781 3206 eos
806 3146 894 3216 locos,
916 3161 986 3217 quos
1007 3144 1125 3203 ultimus
1148 3145 1176 3203 0.
1201 3144 1297 3204 Odof.

187 3245 339 3304 Muellerus
359 3245 390 3303 in
410 3244 584 3319 praefatione
605 3245 684 3303 Festi
711 3262 739 3318 p.
760 3245 832 3302 XIII
853 3261 916 3317 sqq.
939 3243 1096 3318 congessit,
1124 3243 1197 3302 nulli
1218 3245 1294 3315 sunt,

190 3348 261 3417 quo's
289 3343 324 3401 ad
353 3342 443 3403 fastos
471 3343 653 3418 explicandos
681 3343 746 3400 usui
772 3343 860 3406 fuisse
889 3342 1056 3402 coniecerim
1087 3343 1198 3415 praeter
1228 3343 1300 3401 duos

189 3441 326 3516 Macrobii
348 3441 425 3500 locos
447 3459 533 3516 supra
552 3442 694 3500 laudatos.
717 3474 755 3482 —

268 3540 362 3598 Unum
380 3541 473 3598 autem
494 3557 584 3615 genus
606 3539 833 3611 annotationum,
855 3538 957 3613 quibus
980 3538 1098 3597 Ovidius
1121 3539 1211 3598 fastos
1233 3556 1300 3599 suos

191 3639 334 3711 exstruxit,
365 3639 444 3697 nullo
476 3639 568 3698 adbuc
588 3637 672 3697 verbo
699 3639 983 3697 commemoravimus.
1026 3637 1300 3698 Astronomicas

190 3739 300 3797 notas
322 3738 393 3810 dico,
415 3738 517 3812 quibus
540 3739 568 3796 et
589 3738 622 3796 de
644 3737 768 3796 motibus
789 3737 912 3796 siderum
933 3739 962 3796 et
981 3737 1016 3795 de
1030 3736 1140 3811 origine
1154 3736 1301 3796 nominum

191 3853 286 3895 eorum
301 3835 402 3910 agitur.
434 3836 507 3906 Quid
521 3853 585 3895 vero
600 3837 630 3894 in
646 3835 687 3894 eis
701 3836 766 3907 veri,
782 3835 851 3909 quid
865 3834 932 3894 falsi
947 3835 1026 3906 insit,
1040 3837 1125 3908 atquo
1140 3836 1215 3909 apud
1230 3851 1301 3908 quos

192 3936 320 3994 auctores
345 3935 458 3994 eaedem
482 3934 595 3994 fabulae
621 3934 655 3993 (16
677 3935 761 3992 astris
782 3935 938 4006 tradantur,
960 3935 988 3991 et
1008 3933 1111 3992 Ideleri
1132 3932 1301 4006 Robertique

169 4032 324 4107 ¹operibus
346 4032 533 4107 diligentibus
555 4034 583 4092 et
602 4033 756 4108 sagacibus
777 4032 817 4109 (v.
840 4050 905 4107 pag.
930 4034 958 4091 2.
987 4033 1045 4090 not
1075 4031 1114 4109 l.)
1141 4031 1302 4090 absolutum

168 4133 245 4206 vest,
270 4133 299 4190 et
324 4131 360 4190 ad
386 4131 461 4190 hanc
489 4130 710 4204 disputationem
737 4130 811 4190 nibil
835 4130 927 4190 refert.
969 4129 1024 4188 Sed
1049 4146 1148 4204 pauca,
1168 4145 1241 4204 quae
1267 4129 1302 4187 de
