2994 4816
641 350 862 412 ,27-

275 522 375 596 Neque
396 522 472 580 enim
494 523 742 596 crederepossum
764 522 891 582 Verrium
912 522 1046 580 Flaccum
1067 523 1178 580 tantam
1200 537 1313 593 operam

190 620 225 678 in
239 619 325 678 fastis
348 619 514 679 ordinandis
537 621 750 694 consumpsisse
764 638 798 679 ea
812 621 874 679 sola
894 619 1012 690 ratione,
1032 621 1064 676 ut
1084 618 1208 691 epitoma
1221 634 1313 690 neque

192 717 268 774 acite
283 733 375 790 neque
389 716 544 791 diligenter
557 717 635 775 facta
648 718 679 776 in
693 719 850 791 municipio
865 718 987 792 quodam
1001 716 1201 790 publicaretur.
1224 716 1313 774 Immo

194 814 381 872 verisimilius
408 814 519 872 videtur
539 832 609 888 opus
632 815 693 874 eius
714 815 864 890 integrum,
893 816 961 888 quia
981 815 1078 874 multis
1099 813 1264 872 hominibus
1287 815 1315 870 et

193 913 265 971 utile
281 914 309 970 et
322 913 434 986 gratum
449 929 512 970 esse
527 912 656 984 debebat,
677 913 785 972 libellis
808 931 919 986 quoque
940 913 977 970 ab
1000 929 1031 971 eo
1053 912 1230 984 publicatum
1245 926 1315 968 esse.

192 1011 288 1084 Atque
303 1011 339 1068 ad
353 1011 429 1068 hanc
442 1027 502 1068 rem
516 1010 739 1070 confirmandam
753 1012 832 1070 locos
854 1011 992 1084 quosdam
1014 1012 1108 1068 exime
1122 1010 1314 1068 Mommsenus

193 1109 252 1166 iam
266 1109 409 1168 intellexit
423 1107 458 1185 (l.
472 1125 496 1166 c.
512 1126 541 1182 p.
556 1110 637 1180 363).
664 1109 779 1166 Etenim
793 1108 956 1166 Macrobius
971 1107 1045 1184 (Sat
1059 1108 1075 1165 Ι
1092 1109 1135 1178 12,
1161 1104 1212 1182 15)
1234 1107 1313 1178 post-

198 1223 283 1279 quam
297 1222 400 1264 nomen
415 1205 523 1264 mensis
538 1205 646 1279 Aprilis
663 1205 698 1263 ab
713 1205 871 1278 Aphrodite
886 1205 1040 1264 derivatum
1056 1222 1118 1264 esso
1133 1204 1259 1278 negavit,
1273 1204 1314 1262 ita

193 1303 299 1377 pergit:
328 1305 395 1361 ‘non
423 1305 519 1361 tamen
546 1305 635 1378 nogat
658 1304 773 1364 Verrius
798 1304 919 1362 Flaccus
947 1303 1012 1361 hoc
1040 1303 1098 1360 die
1122 1304 1223 1374 postea
1247 1317 1314 1359 cou-

194 1401 332 1473 stitutum,
346 1403 379 1458 ut
392 1401 537 1459 metonae
551 1401 654 1460 Veneri
669 1418 780 1460 sacrum
794 1400 936 1459 facerent!
965 1401 1043 1470 Quae
1057 1399 1143 1458 verba
1156 1398 1314 1457 rectissime

194 1515 214 1556 a
227 1499 402 1557 Mommseno
418 1498 454 1555 ad
468 1499 564 1556 notam
580 1498 824 1558 fastorumPraen.
840 1497 969 1556 calendis
975 1497 1124 1570 Aprilibus
1139 1496 1312 1568 adscriptam

195 1597 288 1653 tacta
319 1612 383 1653 esse
413 1595 470 1653 iam
504 1613 590 1669 supra
620 1599 660 1670 (p.
685 1599 722 1654 21
754 1597 826 1670 not.)
858 1595 1145 1654 commemoravimus.
1197 1594 1315 1653 Videtur

196 1695 291 1751 autem
322 1693 396 1750 idem
426 1693 469 1751 vir
496 1694 680 1753 doctissimus
707 1695 738 1752 in
766 1695 812 1752 his
834 1693 972 1752 Macrobii
992 1693 1085 1753 verbis
1103 1691 1228 1750 offensus
1251 1707 1313 1749 esse

191 1790 310 1849 vocibus
341 1789 404 1848 ‘hoc
435 1790 503 1862 die',
527 1792 594 1864 post
618 1809 689 1865 quas
714 1793 830 1866 signum
854 1791 1042 1850 dubitationis
1066 1789 1150 1848 uncis
1171 1789 1314 1846 inclusum

197 1889 302 1962 posuit.
339 1888 446 1945 'lamen
462 1906 495 1945 er
509 1888 555 1946 his
570 1889 644 1961 ipsis
659 1906 794 1963 apparere
815 1891 891 1962 puto,
914 1889 992 1962 quali
1007 1906 1040 1946 ex
1054 1905 1137 1960 opere
1152 1887 1313 1946 Macrobius

201 1987 359 2044 doctrinam
374 2002 455 2043 suam
470 1985 667 2060 desumpserit.
710 1988 785 2045 Nam
799 1986 901 2057 sarbia,
923 2003 995 2060 quae
1010 1987 1189 2056 antecedunt,
1210 2002 1313 2044 nomen

195 2083 303 2141 mensis
332 2083 441 2156 Aprilis
470 2083 505 2142 ab
534 2085 686 2157 aperiendo
716 2086 869 2143 derivatur:
898 2084 1019 2143 occurrit
1046 2087 1140 2142 autem
1167 2084 1239 2142 haec
1269 2101 1314 2141 ex·

192 2181 311 2254 plicatio
343 2181 464 2252 eisdem,
495 2183 608 2240 etiamsi
641 2183 817 2241 brevioribus
849 2182 957 2253 verbis,
988 2185 1019 2240 ut
1055 2199 1119 2240 mox
1147 2181 1314 2251 videbimus,

194 2279 225 2336 in
250 2279 314 2336 loco
338 2279 469 2350 lacerato,
494 2296 549 2353 quo
573 2280 604 2337 in
629 2279 714 2338 fastis
732 2281 834 2338 Praen.
847 2280 946 2338 tabula
960 2280 1068 2353 Aprilis
1090 2280 1194 2352 incipit
1209 2279 1315 2355 (CILI

196 2393 225 2449 p.
250 2372 317 2435 364.
339 2375 393 2434 III.
417 2393 439 2434 s.
461 2394 487 2435 r.
508 2376 620 2454 Apa).
668 2379 754 2450 Sequi
767 2395 800 2436 ur
814 2378 844 2436 in
874 2378 915 2436 313
942 2378 1018 2436 31331
1044 2378 1120 2450 apud
1141 2377 1314 2435 Macrobium

194 2473 276 2531 nulla
304 2472 362 2530 alia
389 2491 418 2532 re
447 2474 638 2534 intercedente
666 2479 735 2534 nota
763 2477 796 2533 de
824 2475 897 2534 festo
924 2475 1043 2534 Veneris
1064 2473 1257 2534 Verticordiae
1287 2477 1315 2532 et

195 2572 337 2630 Fortunae
364 2571 474 2630 Virilis.
516 2573 594 2642 Quae
616 2591 679 2632 curn
703 2574 748 2631 ita
771 2575 839 2647 sint,
865 2591 961 2633 nonne
986 2573 1209 2634 Saturnaliomm
1234 2572 1314 2630 locus

195 2671 305 2728 nullam
327 2669 525 2728 difficultatem
553 2671 584 2728 in
606 2689 636 2730 se
664 2671 758 2742 habet,
787 2672 936 2731 dummodo
964 2686 1103 2744 ponamus
1132 2669 1314 2728 aMacrobio

193 2768 287 2826 ‘fastos
297 2768 386 2827 Verrii
395 2769 644 2827 Praenestinorum
661 2769 823 2829 simillimos
837 2769 984 2842 inspectos
999 2785 1068 2839 3333,
1083 2768 1113 2825 13
1129 2766 1233 2840 quibus
1249 2769 1314 2825 ante

197 2867 250 2924 cal.
261 2866 330 2939 Apr.
342 2865 469 2923 nominis
485 2865 711 2940 explicationem,
726 2868 762 2924 ad
774 2867 979 2941 cal.Apr.illud
991 2866 1052 2924 ‘hoc
1064 2865 1110 2922 die
1121 2866 1315 2934 constitutum,

193 2966 228 3022 ut
251 2965 397 3022 matronae
417 2962 521 3023 Veneri
546 2981 656 3022 sacrum
681 2964 823 3035 facerent'
849 2981 1019 3037 causamque
1035 2963 1095 3021 eius
1120 2963 1161 3020 rei
1185 2963 1311 3023 invenit?

195 3062 271 3120 Nam
286 3060 423 3120 Ludovici
436 3060 505 3118 Jani
520 3061 751 3132 explicationem,
772 3062 822 3134 qui
841 3061 872 3118 in
887 3061 1010 3120 editione
1025 3077 1077 3118 sua
1092 3061 1316 3120 Saturnaliorum

198 3158 422 3237 (Quedlinburgi
439 3160 467 3214 st
477 3157 593 3230 Lipsiae
608 3157 927 3234 13531113333313313
943 3159 1005 3217 ‘hoc
1020 3159 1065 3216 die
1076 3158 1094 3216 i.
1105 3160 1314 3231 eaequinoctio

191 3274 289 3329 sorno,
305 3256 341 3315 cl.
356 3258 373 3329 g
390 3255 442 3312 14!
457 3254 586 3313 sufficere
601 3256 773 3330 negaverim.

279 3355 360 3414 Alter
374 3354 467 3410 autem
482 3353 620 3410 Macrobii
634 3355 721 3424 locus,
737 3355 786 3427 qui
800 3356 915 3413 nostrae
929 3353 1088 3412 sententiae
1103 3353 1187 3428 favet,
1210 3355 1257 3414 hic
1272 3359 1315 3414 est

197 3453 230 3524 (I,
248 3455 292 3524 10,
314 3450 360 3528 7):
384 3450 566 3509 ‘Duodecimo
589 3468 653 3510 vero
675 3449 736 3527 (die
761 3455 828 3511 ante
853 3452 905 3510 cal.
928 3450 1010 3528 Jan.)
1024 3451 1110 3510 leriae
1135 3453 1203 3510 sunt
1225 3453 1315 3512 Divae

196 3551 386 3624 Angeroniac‚
408 3549 453 3607 cui
467 3549 617 3623 pontifices
632 3549 662 3607 in
678 3551 784 3609 sacello
798 3551 938 3623 Volupiae
952 3565 1063 3608 sacrum
1077 3549 1202 3608 faciunt:
1231 3567 1315 3623 quam

196 3648 312 3707 Verrius
347 3648 468 3705 Flaccus
503 3648 697 3722 Angeroniam
718 3647 776 3706 dici
806 3648 858 3718 ait,
888 3647 962 3720 quod
1007 3663 1128 3720 angores
1170 3665 1204 3706 ac
1236 3649 1316 3706 solli·

193 3745 339 3804 citudines
351 3745 508 3804 animonim
523 3746 679 3819 propitiata
692 3745 834 3818 depellat’
859 3745 967 3802 Extant
985 3747 1077 3802 autem
1099 3745 1133 3802 (13
1151 3745 1235 3804 huius
1259 3746 1315 3804 diei

197 3844 276 3917 (Dec.
305 3841 371 3919 21.)
398 3845 467 3901 nota
498 3860 606 3916 paucae
633 3843 745 3900 litterae
780 3843 810 3900 in
845 3841 929 3900 fastis
959 3843 1069 3912 Pisum,
1104 3859 1119 3898 3
1148 3842 1252 3916 quibus
1286 3844 1316 3902 id

197 3940 311 4013 quidem
345 3942 469 4013 apparet
502 3942 557 3999 hoc
591 3942 637 3999 die
672 3941 765 4015 egisse
800 3940 927 4000 Verrium
977 3938 1122 4010 copiosius
1170 3941 1205 3998 do
1242 3941 1315 3999 Diva

196 4038 370 4112 Angeronia.
409 4038 511 4112 Itaque
530 4039 717 4109 Macrobium,
746 4039 881 4111 quoniam
902 4036 1037 4096 hocloco
1056 4034 1187 4111 singulos
1207 4038 1316 4096 mensis

194 4135 361 4194 Decembris
390 4135 450 4194 dies
489 4137 624 4210 deinceps
653 4139 798 4195 enumerat
832 4138 917 4209 atque
951 4151 1009 4191 una
1051 4150 1114 4192 cum
1156 4135 1201 4192 die
1242 4134 1316 4194 festo
